1632 2641
198 126 290 193 328
358 128 450 174 JO.
487 127 1013 176 FREINSHEMII
1052 131 1417 184 SUPPLEM.

250 235 387 275 bantur.
423 234 608 278 Publicius
636 234 854 283 1Malleolus,
879 248 984 274 matre
1012 239 1150 289 occisit,
1174 240 1310 292 primus
1326 243 1479 284 omnium

251 296 289 333 in.
309 308 390 334 utus
413 297 509 334 culeo
526 326 537 343 ‚
559 296 596 333 in
615 311 706 333 mare
725 298 964 349 praecipitatus
989 300 1042 351 est.
1070 301 1223 339 Ancilia
1247 317 1321 340 cum
1338 306 1482 356 strepitu

250 370 343 395 mota
368 357 451 410 ff,
474 370 659 408 antequam
682 359 882 396 Cimbricum
913 360 1037 398 bellum
1059 364 1370 416 consummaretur,
1398 365 1485 418 refle-

253 431 387 461 rantur,
413 419 516 461 Bella
538 430 702 472 praeterea
726 420 814 460 inter
839 421 952 472 Syriae
973 437 1067 476 reges
1081 425 1176 482 gesta
1198 427 1363 469 continet.

195 570 230 613 I.
258 524 410 612 CUM
435 571 499 612 hic
520 573 634 613 status
653 572 798 624 ubique
819 587 945 613 rerum
962 574 1076 624 esset,
1101 568 1284 617 Romanis
1301 590 1367 628 per
1384 578 1486 618 Cim.

197 635 336 682 brica,
364 635 460 674 item
492 635 657 675 Thracia
686 638 721 675 Sc
752 635 911 676 Servilia
949 636 1050 676 bella
1088 638 1294 687 distractis,
1332 641 1486 689 regibus

200 700 383 750 Syrorum
410 699 645 750 parricidiali
671 698 774 740 bello
796 700 893 739 vires
926 700 1104 751 imperii,
1128 703 1407 754 majestatisque
1433 718 1488 743 re-

203 763 416 799 verentiam
454 760 716 809 solventibus,
753 774 801 800 ne
836 762 1003 813 AEgypto
1033 763 1217 813 quidem,
1255 764 1322 803 sub
1348 779 1422 815 qua
1450 768 1486 805 δε

201 822 323 872 Cypri
351 834 512 871 regnum
538 830 646 869 erat,
683 835 749 872 per
779 823 1041 863 aemulationes
1067 837 1198 875 regum
1235 825 1484 876 prohibente3

203 883 372 931 Cilices,
394 884 558 933 Syriacae
585 884 739 923 ditionis
764 898 871 935 pars,
895 886 1014 925 maria
1038 885 1248 926 latrociniis
1275 888 1407 928 infesta
1436 899 1490 929 te-

201 945 377 991 nebant,
393 944 525 983 senfim
541 946 657 984 etiam
682 945 763 985 aliis
785 947 1007 987 nationibus
1030 949 1078 987 ad
1103 950 1263 988 eandem
1291 950 1488 990 licentiam

202 1006 407 1056 corruptis.
437 1005 577 1045 Contra
604 1006 674 1045 hos
697 1006 753 1046 Μ.
771 1008 981 1058 Antonius,
998 1018 1135 1059 praetor
1161 1023 1250 1048 cum
1278 1012 1491 1060 proconsu-

201 1066 274 1106 lari
304 1068 468 1116 imperio
495 1067 648 1116 missus,
680 1077 828 1120 partem
851 1083 984 1113 eorum
1012 1072 1061 1110 ad
1085 1072 1280 1111 Misenum
1304 1074 1491 1124 profliga-

203 1129 270 1168 vit.
295 1129 464 1177 Exinde,
493 1130 694 1180 postquam
720 1139 875 1181 propter
901 1132 1166 1172 difficultatem
1196 1134 1401 1184 navigandi
1422 1148 1490 1185 per

205 1189 524 1240 aliquammultos
563 1190 642 1229 dies
679 1200 938 1230 commoratus
969 1191 1129 1233 Athenis
1153 1193 1270 1242 effer,
1302 1194 1341 1232 in
1368 1195 1490 1234 Aliam

205 1252 340 1290 venit:
379 1252 565 1301 annaque
596 1263 617 1289 e
642 1251 861 1301 Byzantinis
898 1251 1140 1303 aliorumque
1168 1253 1356 1293 sociorum
1388 1256 1492 1294 navi-2
1552 1291 1555 1295 ,

205 1313 280 1354 bus
305 1313 441 1361 claffe,
474 1315 674 1365 praedones
699 1316 738 1353 in
764 1315 882 1365 ipsam
916 1315 1091 1355 Ciliciam
1125 1316 1370 1367 persecutus,
1398 1319 1496 1359 mul-2

204 1378 256 1416 tis
284 1390 417 1417 eorum
440 1378 561 1428 captis
592 1378 817 1428 depreffisve
842 1379 1074 1430 paronibus,
1095 1380 1251 1431 dignam
1274 1382 1494 1434 triumpho,

207 1451 323 1489 quem
348 1439 475 1488 postea
501 1440 603 1489 egit,
629 1440 828 1479 vietoriam
853 1439 1040 1480 obtinuit.

264 1500 313 1540 Π.
337 1501 498 1550 Nescio,
522 1515 569 1540 an
591 1515 634 1540 ea
660 1515 812 1553 pugna,
845 1511 946 1541 certe
973 1503 1011 1540 in
1044 1502 1176 1544 Cilicia
1197 1504 1418 1545 interfectus
1442 1506 1499 1545 est-

207 1562 266 1604 M.
283 1563 472 1604 Gratidius
497 1564 699 1613 praefec'tus
722 1564 906 1613 Antonii,
939 1565 973 1603 &
992 1564 1117 1603 eidem
1146 1565 1425 1615 perfamiliaris.
1452 1566 1494 1609 C.

206 1623 356 1664 marius
393 1632 599 1674 quartum,
635 1625 684 1674 Q.
713 1624 886 1664 Lutatius
918 1624 1091 1664 consules
1123 1626 1218 1665 inito
1250 1627 1494 1678 magistratu,

208 1692 363 1724 mature
391 1685 431 1723 in
455 1685 668 1736 provincias
698 1686 884 1736 profecti,
916 1685 1063 1725 summa
1088 1700 1162 1737 ope
1190 1687 1333 1727 bellum
1361 1698 1495 1729 contra

187 1744 460 1785 ‘imminentes
478 1749 564 1800 j'am
592 1746 708 1786 Italiae
739 1747 917 1786 Cimbros
948 1748 1153 1798 parabant:
1187 1749 1239 1788 ita
1263 1750 1385 1789 divifis
1410 1764 1496 1801 par-

207 1807 339 1855 tibus,
366 1815 411 1846 ut
440 1807 479 1845 in
505 1808 664 1858 Alpibus
690 1809 739 1847 ad
765 1808 979 1858 praefidium
1002 1809 1119 1849 ltaliae
1145 1811 1304 1850 Catulus
1329 1812 1496 1852 excuba-

209 1877 296 1916 ret,
327 1868 477 1908 Marius
507 1868 670 1909 Galliam
696 1870 979 1910 transeuntibus
1014 1871 1051 1910 se
1088 1871 1285 1921 objiceret.
1322 1874 1424 1913 Nam
1459 1877 1495 1914 Sc

208 1931 339 1969 hostes
369 1929 552 1981 bipartito
587 1931 739 1981 agmine
769 1931 917 1971 Italiam
949 1940 1079 1982 petere
1113 1933 1351 1973 dicebantur.
1394 1934 1499 1974 Cim-

210 1994 271 2032 bri
296 2007 362 2044 per
389 1994 582 2043 Noricos,
604 1995 773 2034 Teutoni
800 2007 868 2046 per
898 1995 1091 2047 Liguriam
1110 1995 1331 2047 cogitabant
1353 1996 1496 2038 irrum-

212 2069 317 2108 pere.

270 2117 339 2158 ΙΙΙ.
367 2117 487 2168 Igitur
521 2118 701 2168 propiore
735 2119 775 2157 in
808 2119 887 2158 dies
916 2119 1158 2167 discrimine,
1184 2120 1271 2169 quia
1297 2120 1495 2162 Gallorum

215 2178 329 2218 multi
354 2177 481 2228 palam
499 2176 648 2217 hostilia
675 2179 896 2229 agitabant,
920 2193 1045 2229 neque
1060 2180 1263 2230 Liguribus
1287 2181 1336 2220 ob
1363 2181 1496 2222 levita-

215 2248 297 2280 tem
312 2241 553 2292 ingeniorum
576 2242 805 2281 credebatur
818 2256 830 2292 3
845 2242 1006 2292 Marius,
1023 2256 1099 2293 quo
1122 2244 1262 2285 certius
1282 2244 1498 2294 exploraret

266 2366 282 2398 ς
307 2358 332 2390 Ῑ.
355 2358 444 2391 Flor.
469 2369 485 2402 3
503 2383 512 2399 ,
539 2358 573 2391 6.
594 2359 701 2391 Strab.
731 2361 755 2391 l.
783 2370 832 2399 14.
853 2359 998 2402 Appiam.
1020 2360 1096 2393 Liv.
1125 2360 1216 2403 Epir.
1248 2360 1319 2393 Cic.
1346 2371 1407 2405 pro
1428 2362 1493 2405 leg.

220 2403 345 2436 Manli.
371 2416 400 2435 c.
422 2415 475 2436 12.
502 2403 535 2435 ὅ(
562 2404 601 2436 de
619 2403 717 2436 Orat.
745 2416 755 2435 1
779 2428 788 2442 ‚
818 2404 869 2436 18.
890 2405 999 2436 Tacit.
1019 2411 1033 2444 §
1056 2406 1096 2439 11.
1123 2403 1212 2439 Plut.
1230 2405 1264 2437 in
1284 2405 1371 2441 Mar.
1388 2417 1417 2438 c.
1443 2406 1497 2450 36.

221 2448 340 2484 Front-
373 2448 475 2482 Strat.
497 2460 510 2481 ι
526 2473 536 2490 ‚
552 2459 585 2482 2.
611 2448 711 2483 Oros.
734 2449 773 2491 6,
799 2459 828 2490 5.
860 2449 949 2484 Flor.
970 2461 985 2493 3
1003 2475 1013 2491 ‚
1031 2459 1065 2493 3.
1160 2457 1163 2459 ’
