1632 2641
299 113 378 160 1N
416 111 594 158 Loc,
639 112 776 158 ΜΒ.
829 110 959 158 LXX
1018 113 1172 160 try.
1304 130 1400 174 407

111 230 158 269 ga
181 217 377 258 Orontem
406 229 520 267 eques
553 214 808 255 transmittere
830 226 1014 268 conatur,
1040 217 1248 259 vorticibus
1275 221 1400 259 amnis

110 289 188 317 una
218 290 307 315 cum
337 289 436 327 equo
462 285 593 326 raptus
627 275 690 314 est.

165 339 305 379 LXIII.
331 340 414 383 Nec
443 352 488 377 eo
513 337 665 388 segnius
689 335 832 376 bellum
854 337 1054 390 Philippus
1077 340 1397 393 prosequebatur,

108 400 352 452 Philadelphi
388 401 512 439 sumto
551 399 813 450 cognomine,
852 399 901 439 ob
934 402 1103 451 gemini,
1140 413 1184 443 ut
1219 405 1395 455 videtur,
1446 401 1452 406 ’

108 462 235 502 fratris
264 463 504 502 desiderium.
546 462 648 501 Huic:
685 470 763 501 tam
791 462 976 513 praecipiti
1005 466 1209 505 mutationi
1240 480 1398 517 rerum,

109 533 348 575 quatuorque
379 538 512 575 regum
541 523 756 571 mortibus,
783 523 989 563 triennium
1013 526 1091 565 fere
1122 527 1299 569 suffecit:
1333 543 1397 569 an-

106 586 253 636 nusque
276 597 359 626 tum
383 588 514 626 tertius
531 587 713 638 agebatur
734 587 945 627 centefimae
965 587 1246 640 septuagesimae
1263 591 1397 640 primae

110 649 380 701 Olympiadis,
413 664 488 701 quo
517 649 690 689 consules
720 650 852 690 Romae
879 651 921 690 C.
948 651 1143 700 Valerius,
1171 653 1224 692 M.
1250 654 1397 693 Her-en-

107 713 193 752 nius
223 713 387 752 fuerunt.
414 713 594 763 Philippo
621 713 739 763 igitur
761 713 907 763 Pioque
929 715 976 752 de
995 715 1109 766 Syriae
1137 728 1255 766 regno
1283 718 1398 756 dirui-

109 776 313 822 cantibus,
353 784 508 826 quartus
542 776 658 815 etiam
693 776 811 826 Grypi
843 775 1015 816 filiorum
1053 778 1232 818 diadema
1266 779 1396 819 sumfit

107 836 326 876 Demetrius
346 868 359 884 ,
404 849 493 876 cum
529 837 577 876 ad
608 845 733 876 cetera
762 829 943 888 Syrorum
980 836 1106 884 mala,
1145 851 1193 877 ne
1224 853 1394 890 unquam

110 899 235 938 deesse
260 900 364 938 faces
392 899 612 939 suscitandis
634 899 824 939 beliorum
847 901 1034 940 incendiis
1058 901 1229 952 possent,
1246 903 1394 953 generis

110 961 204 1011 regii
229 960 465 999 foecunditas
498 959 711 1001 accesliffet.
746 960 934 999 Eucaerius
963 962 992 999 is
1012 962 1242 1002 vocabatur:
1276 974 1394 1013 quem

108 1021 336 1070 Ptolemaeus
362 1021 548 1062 Lathurus
574 1021 696 1061 Cnido
723 1022 890 1061 excitum
906 1053 917 1070 ,
943 1022 1119 1063 Damasci
1144 1024 1393 1064 constituerat

106 1099 248 1136 regem.
797 1087 801 1091 '

161 1147 296 1187 LXIV.
314 1147 409 1195 Quae
425 1145 565 1185 deinde
582 1145 889 1196 sequuntur,vix
909 1145 1093 1196 explicari
1118 1147 1291 1197 possunt:
1319 1148 1399 1196 ita,

104 1207 286 1247 miscente
302 1207 430 1245 onmia
447 1206 676 1256 scriptorum
691 1205 920 1256 negligentia
938 1209 972 1246 &c
988 1207 1163 1255 dissensu,
1180 1209 1244 1248 vix
1263 1209 1391 1249 tenuis

104 1268 322 1307 intermicat
346 1267 512 1305 strictura
533 1267 622 1306 veri.
645 1265 875 1316 Porphyrius
898 1266 1072 1317 Philippo
1090 1268 1287 1308 biennium
1305 1276 1388 1308 tan-

105 1337 190 1369 tum
217 1329 350 1368 tribuit
384 1330 514 1378 regni:
550 1327 740 1378 ‚Iosephus
766 1328 880 1369 etiam
909 1329 1087 1368 fratribus
1116 1330 1264 1370 strenue
1297 1331 1386 1370 reii-

104 1383 266 1430 stentem
282 1388 516 1428 Antiochum
542 1389 672 1437 Pium,
701 1388 872 1428 celeriter
887 1389 1060 1429 occisum
1084 1389 1264 1429 aParthis
1289 1390 1384 1430 effe:

103 1451 357 1502 Porphyrius,
383 1450 533 1500 pulsum
556 1450 603 1489 ab
629 1450 798 1498 aemulis,
822 1451 1034 1502 confugisse
1061 1452 1109 1491 ad
1135 1451 1322 1499 Parthos,
1342 1464 1388 1491 ac

104 1514 159 1554 ibi
179 1514 295 1564 usque
312 1514 360 1552 ad
378 1513 577 1552 Asiaticam
599 1513 771 1563 Pompeji
787 1512 984 1552 victoriam
1004 1513 1136 1561 fuisse,
1160 1514 1299 1562 tradit3
1320 1514 1390 1562 Ju-

104 1577 223 1615 stinus
246 1575 284 1613 in
312 1574 453 1625 angulo
481 1573 624 1613 Ciliciae
647 1573 848 1613 delituisse.
874 1573 998 1613 Nobis
1018 1573 1195 1622 nullum,
1218 1572 1281 1613 Cui
1309 1587 1390 1614 cer-

103 1638 180 1678 tius
206 1637 254 1676 ad
272 1637 439 1676 veritatis
461 1635 695 1685 inquirendae
718 1635 827 1674 usum
850 1635 1011 1675 insistere
1034 1635 1243 1686 poffimus,
1265 1636 1392 1674 firma-

103 1707 279 1739 mentum
304 1698 377 1744 est,
406 1711 520 1748 quam
541 1698 726 1747 temporis
757 1696 862 1736 haud
889 1697 1007 1737 dubia
1021 1699 1195 1746 notatio,
1223 1711 1298 1748 quo
1322 1700 1390 1749 Sy-

104 1762 199 1800 riam
234 1761 438 1809 Pompejus
473 1759 677 1798 ordinavit.
723 1760 824 1800 Nam
860 1760 900 1799 id
935 1759 1154 1800 consulibus
1188 1761 1235 1800 D.
1268 1761 1388 1809 Junio

104 1821 233 1862 Silano
250 1853 261 1869 ,
287 1821 327 1861 L.
352 1821 496 1860 Licinio
515 1821 690 1860 Muraena
706 1851 717 1870 ‚
743 1821 888 1861 factum
912 1821 986 1860 esse
1010 1821 1168 1861 constat.

157 1884 275 1925 LXV.
310 1883 386 1923 Sed
416 1884 638 1923 octodecim
665 1891 754 1922 ante
778 1882 850 1923 hos
877 1883 1052 1940 consules
1087 1884 1220 1932 annis,
1249 1883 1296 1923 ab
1324 1884 1390 1924 Ti-

105 1960 217 1998 grane
243 1954 474 1996 occupatam
500 1946 609 1985 fuisse
635 1947 781 1998 Syriam
797 1977 808 1995 ,
833 1947 1008 1997 Pompeji
1038 1947 1156 1996 Trogi
1187 1947 1390 1985 mutilator-

104 2011 199 2050 Iocis
221 2010 373 2050 duobus
397 2010 577 2050 affirmat:
605 2023 626 2049 a
655 2023 730 2060 quo
755 2023 822 2050 cur
843 2011 1004 2049 minime
1029 2009 1220 2049 dissentire
1246 2011 1394 2060 Appia-

106 2084 199 2110 num
223 2080 380 2121 putem,
408 2072 474 2111 ubi
500 2085 556 2110 res
580 2071 786 2111 referendae
810 2072 982 2123 Tigranis
1005 2079 1139 2119 erunt,
1171 2072 1388 2123 apparebit.

108 2133 207 2183 Ergo
232 2132 282 2172 ad
311 2132 351 2172 L.
379 2131 492 2172 Sullae
508 2163 520 2178 ,
545 2134 594 2182 Q
622 2133 772 2173 metelli
808 2133 1075 2183 consulatum,
1107 2129 1288 2174 Antiochi
1308 2134 1395 2182 Pii,

110 2198 145 2235 ἃ.
173 2194 299 2234 aemuli
323 2196 403 2243 ejus
424 2195 608 2245 Philippi,
633 2209 745 2247 regna
762 2197 924 2247 produci
947 2196 1140 2236 necessum
1166 2196 1240 2236 est:
1268 2209 1387 2246 quan-

107 2258 158 2296 do
182 2256 223 2295 hi
254 2257 430 2295 dicuntur
453 2258 500 2297 ab
517 2259 684 2308 Tigrane
709 2259 887 2298 Armenio
909 2259 1070 2309 spoliati.
1100 2258 1278 2298 Ceterum
1300 2258 1393 2297 Pius

107 2319 188 2367 ille,
215 2328 472 2370 cognomento
488 2320 554 2359 suo
581 2321 739 2360 minime
761 2322 991 2371 respondens
1014 2321 1202 2370 moribus,
1224 2319 1392 2361 Selene&

164 2430 184 2474 §
211 2431 330 2463 Lxm.
354 2431 521 2475 Porphyr.
542 2432 689 2476 Appiam,
713 2431 850 2476 Joscp'n.
997 2479 1035 2525 C

482 2490 484 2492 .
1030 2512 1035 2520 Ι
1057 2495 1078 2525 c
1114 2494 1148 2536 4
