1632 2641
267 155 363 218 386
435 155 532 202 JO.
577 154 1086 201 FREINSHEMII
1133 155 1496 208 SUPPLEM.

268 264 370 311 lata,
399 277 486 303 cum
518 262 556 301 in
581 262 789 302 Scaevolam
819 276 897 302 non
925 263 1100 313 possent,
1134 264 1172 302 in
1198 263 1383 305 Rutilium
1413 266 1556 306 deinde

267 328 370 366 virus
400 334 635 378 conceptum
663 325 856 377 bilemque
881 327 1041 377 turpiter
1066 325 1312 376 effuderunt,
1339 338 1381 368 ut
1402 331 1443 368 in
1466 328 1558 369 loco

266 388 529 438 exsequemur.

320 460 431 500 XIII.
449 460 526 500 Sed
550 460 587 500 P.
606 459 759 507 Asellio,
777 468 884 511 patre
908 461 1103 511 quaestorio
1128 470 1262 512 natus,
1287 475 1401 513 quem
1423 476 1556 503 recens

264 523 319 572 Q
345 521 522 562 Scaevolae
550 522 668 572 gloria
696 523 883 562 laudabili
909 523 1154 563 aemulatione
1179 528 1432 575 accenderat,
1456 527 1556 577 opti-

264 599 374 625 mum
400 599 447 624 cx
471 586 603 625 amicis
628 587 670 626 C.
698 587 872 637 Longum
898 586 1025 626 secum
1056 587 1094 626 in
1116 588 1287 628 Siciliam
1313 589 1484 640 legatum
1516 591 1553 629 &

262 650 483 700 adjutorem
515 650 636 688 duxit.
677 650 868 700 Syracusis
901 650 1041 690 deinde
1068 650 1412 700 splendidiffimum
1442 653 1555 703 equi-

261 720 350 751 tum
377 712 638 752 Romanorum
660 712 837 751 adhibuit
863 712 1038 752 Publium
1066 714 1286 764 quendam,
1314 729 1428 766 quem
1456 715 1552 755 vidit

267 776 305 814 &
328 773 438 814 valde
464 774 623 822 laudat,
650 774 748 814 forte
777 774 971 814 beneficiis
996 778 1078 824 ejus
1116 775 1201 815 usus
1232 777 1447 826 Diodorus,
1483 791 1555 817 cu·

262 839 324 887 jus
354 849 400 882 ex
432 836 598 888 reliquiis
626 836 708 877 haec
738 837 849 876 nobis
879 837 1041 877 historiae
1068 839 1296 880 concinnata
1323 841 1374 880 est
1407 842 1550 892 portio.

258 901 417 942 Horum
445 901 605 941 confinis
635 904 670 942 &
698 915 813 953 opera
846 911 931 942 turn
958 913 1125 942 ceteram
1160 904 1435 953 jurisdi&ionis
1460 918 1553 956 par-

260 972 343 1003 tem
371 964 550 1015 praeclare
570 963 753 1012 absolvit,
785 972 868 1004 tum
902 964 1079 1014 inprimis
1108 965 1260 1015 effecit,
1286 975 1329 1005 ut
1354 967 1398 1005 iis
1432 967 1552 1006 maxi-

260 1039 327 1066 me
350 1026 606 1078 prospiceret,
632 1040 797 1077 quorum
826 1027 1141 1078 opportunissima
1165 1029 1212 1068 ad
1238 1028 1417 1077 injuriam
1443 1029 1551 1068 infir-

260 1088 375 1128 mitas
395 1098 486 1129 erat.
522 1088 679 1140 Pupillis
705 1089 808 1128 enim
830 1091 864 1128 8<
891 1089 1038 1137 viduis,
1056 1090 1192 1139 quibus
1214 1088 1376 1140 legitimi
1401 1098 1548 1129 tutores

260 1165 344 1192 non
374 1152 514 1200 essent,
552 1164 642 1190 cum
669 1150 731 1191 alii
757 1150 996 1200 magistratus
1021 1150 1109 1189 dare
1133 1160 1301 1190 tutorem
1332 1151 1549 1191 consuevis-

259 1214 369 1263 sent,
399 1222 566 1253 tutorem
595 1213 789 1251 neminem
814 1212 949 1252 dedit:
978 1214 1020 1264 fi
1037 1212 1179 1250 tutelam
1203 1213 1341 1251 illorum
1365 1228 1547 1267 curamque

257 1279 429 1330 recipere,
456 1275 652 1327 professus.
683 1274 926 1326 praestititque
956 1273 1160 1324 promissa,
1185 1277 1220 1314 δι
1254 1275 1386 1314 litibus
1413 1289 1549 1316 eorum

258 1344 441 1384 omnibus
463 1342 665 1394 diligenter
689 1340 885 1389 &integre
905 1339 1110 1388 judicatis,
1131 1339 1233 1389 ipsos
1254 1341 1549 1391 patrimonium-

258 1421 336 1458 que
367 1417 527 1453 eorum,
565 1413 699 1444 contra
732 1402 952 1454 potentium
979 1410 1045 1441 aut
1073 1401 1316 1443 callidiorum
1343 1402 1548 1445 hominum

259 1465 505 1518 iniquitatem
531 1466 714 1517 protexit.

315 1538 421 1578 XIV.
448 1537 603 1577 Privatis
624 1536 739 1574 etiam
766 1533 1009 1585 publicisque
1036 1533 1234 1573 maleficiis
1257 1533 1468 1574 secundum
1495 1533 1549 1573 le*

261 1613 327 1652 ges
358 1598 528 1638 moresve
555 1598 678 1637 bonos
712 1595 934 1636 coercendis
964 1595 1152 1635 affiduum
1186 1596 1409 1644 vindicem,
1438 1597 1544 1647 pacis

258 1661 584 1714 vigilantissimum
613 1660 809 1700 custodem
842 1658 1043 1699 exhibuit:
1071 1659 1222 1706 servos,
1248 1672 1295 1697 ne
1319 1660 1460 1698 iterum
1486 1673 1545 1699 res

258 1725 429 1765 novandi
452 1724 669 1763 occasiones
694 1729 922 1773 captarent,
949 1733 1039 1761 cum
1064 1720 1143 1760 telo
1173 1720 1245 1760 eise
1272 1722 1405 1761 vetuit.
1451 1722 1545 1762 Haec

258 1787 428 1826 instituta
457 1798 545 1824 curn
575 1793 658 1824 toto
686 1784 837 1834 imperii
860 1783 915 1822 sui
938 1792 1114 1834 tempore
1135 1783 1350 1822 constanter
1374 1784 1545 1822 retinuis-

257 1850 338 1895 set,
367 1850 420 1887 ita
445 1847 600 1887 decessit
627 1860 671 1886 ex
700 1845 850 1894 Sicilia,
868 1855 934 1894 ut,
958 1859 1075 1896 quam
1106 1846 1309 1884 intraverat
1333 1845 1543 1884 miserrime

257 1911 435 1952 affectam
462 1910 643 1958 insulam,
673 1922 757 1949 eam
785 1918 936 1948 tamtum
968 1922 1047 1948 non
1081 1910 1130 1948 ad
1161 1909 1323 1959 pristinae
1347 1907 1541 1949 felicitatis

257 1972 484 2023 exemplum
513 1972 664 2011 beatam
694 1972 972 2021 florentemque
1003 1970 1244 2021 relinqueret.
1285 1970 1416 2009 Romae
1451 1983 1544 2020 quo-

258 2049 332 2086 que
360 2035 533 2074 censores
560 2035 678 2073 creari
706 2047 784 2072 non
821 2042 976 2083 tempus
1002 2032 1144 2083 magis,
1172 2045 1286 2081 quam
1315 2043 1437 2069 mores
1464 2044 1542 2080 po-

256 2098 456 2139 stulabant.
501 2099 693 2138 Petiturus
726 2097 799 2137 esse
835 2097 978 2138 Marius
1003 2096 1239 2135 credebatur.
1287 2094 1353 2133 sed
1383 2094 1448 2133 ille
1476 2094 1542 2133 ab-

254 2162 385 2201 stinuit
401 2192 411 2209 ,
437 2161 600 2200 offensas
625 2161 846 2207 declinans,
874 2173 956 2210 quae
980 2169 1058 2199 tam
1085 2166 1263 2207 corrupta
1288 2158 1446 2195 civitate
1472 2156 1540 2196 bo-

252 2234 305 2261 no
339 2221 485 2260 censori
513 2229 623 2260 certae
649 2220 855 2270 gravesque
885 2219 1155 2258 imminebant.
1193 2217 1242 2255 fic
1268 2215 1346 2266 ipse
1369 2216 1538 2266 praetulit

252 2285 400 2326 verbis:
430 2284 496 2324 sed
530 2283 595 2324 alii
629 2293 734 2323 metu
766 2280 924 2333 repulsae
950 2282 1116 2321 territam
1150 2279 1318 2319 hominis
1352 2279 1535 2319 ambitio-

310 2419 331 2463 ς
357 2418 434 2450 XII.
471 2418 543 2450 Cic.
574 2418 613 2449 ad
635 2417 738 2449 Attic.
771 2426 810 2457 5,
839 2426 889 2457 17.
909 2417 1007 2452 Vert.
1034 2426 1078 2459 2,
1102 2428 1132 2450 2.
1158 2416 1191 2450 δι
1214 2417 1264 2451 ibi
1295 2417 1432 2452 Pedian.
1462 2417 1541 2453 val.

253 2469 350 2504 Max.
382 2471 421 2512 8,
445 2481 497 2511 ¹5·
532 2470 553 2515 5
580 2470 675 2504 Xlss.
698 2470 847 2505 Diodor.
