1632 2641
237 114 333 178 384
396 117 489 163 JO.
522 114 1018 161 FREINSHEMII
1061 115 1427 164 SUPPLEM.

237 236 311 263 xus
339 223 501 262 invaluit
527 236 536 263 :
570 221 804 273 explosaque
834 224 953 263 veteri
985 224 1204 275 frugalitate
1237 227 1275 265 &
1303 224 1525 277 patientia;

239 287 307 335 qui
335 287 375 324 in
406 287 489 325 otio
516 294 632 338 atque
659 285 807 325 deliciis
844 294 1083 326 contererent
1108 288 1251 338 vitam,
1279 288 1370 327 clari
1404 288 1525 327 beati-

238 362 315 398 que
348 348 605 389 habebantur.
633 348 843 389 Sumtuosae
870 349 992 400 epulae
1009 381 1021 397 ,
1050 360 1272 402 unguenta,
1298 351 1406 389 vestis
1434 351 1525 389 stra·

237 409 352 460 gula,
387 420 602 460 ceteraeque
644 409 888 461 supellecffiilis
924 411 1107 452 immensa
1148 414 1268 464 pretia
1299 414 1338 452 in
1375 412 1527 451 honore

239 482 373 513 erant:
399 486 627 524 quacunque
649 472 835 524 aspiceres
848 474 1000 523 ‚x-ebore
1027 482 1139 527 atque
1164 484 1319 527 argento
1349 475 1526 514 nitebant:

239 535 432 584 triclinia3
451 549 574 586 neque
594 549 638 575 ea
660 537 788 587 potior
809 549 894 587 pars
918 537 1197 588 impensarum,
1224 539 1422 578 materiam
1441 538 1526 577 lon·

239 610 288 647 ge
319 597 498 636 vincente
523 599 764 648 manipretio.

297 660 372 699 IX.
399 660 519 707 Vina,
551 663 799 711 quantumvis
825 662 954 709 bona,
981 663 1049 702 nisi
1074 663 1232 703 Falerna
1260 671 1326 702 aut
1354 662 1450 702 Chia
1475 660 1528 701 es-

243 721 352 770 sent,
381 723 757 762 contemnebantur:
783 724 823 762 in
853 724 1047 774 piscibus,
1079 734 1283 775 ceteroque
1311 724 1528 770 obsonatu,

240 784 345 822 idem
377 784 570 823 fastidium
609 793 699 824 erat.
731 797 855 835 neque
890 786 963 825 alia
1001 786 1233 837 reliquarum
1266 799 1391 825 rerum
1419 786 1527 824 ratio.

241 846 424 886 mollibus
453 847 730 898 pellucidisque
763 849 951 898 vestibus,
984 849 1199 888 meretricio
1231 851 1385 900 potius,
1411 860 1528 898 quam

241 910 419 949 muliebri
447 909 569 956 cultu,
585 912 742 960 juvenes
765 913 895 951 amicti
921 912 980 950 vel
1004 913 1044 951 in
1066 913 1151 951 foro
1180 911 1525 962 conspiciebantur.

241 973 366 1021 Atque
388 972 485 1010 inter
507 972 589 1011 haec
615 974 824 1012 certamina
853 974 1057 1023 vitiorum,
1083 975 1138 1013 uti
1165 975 1302 1025 cuique
1330 975 1382 1013 rei
1405 974 1530 1024 digni-

240 1042 299 1072 tas
337 1047 384 1073 ex
421 1034 564 1073 insania
596 1033 801 1074 hominum
834 1036 1053 1085 constabat,
1083 1038 1202 1087 pretia
1233 1037 1272 1075 in
1297 1035 1530 1075 immensum

241 1096 491 1146 augebantur.
527 1097 729 1137 Falernum
761 1100 932 1137 centenis
959 1101 1000 1138 in
1032 1099 1163 1138 testam
1201 1099 1390 1146 denariis,
1426 1098 1531 1137 Pon-

241 1160 320 1198 tica
347 1158 571 1199 salsamenta
591 1161 859 1211 quadringenis
888 1161 1181 1201 vendebantur:
1205 1170 1386 1211 quaterna
1410 1160 1530 1199 talen-

240 1230 282 1260 ta
307 1233 520 1271 coquorum
547 1221 793 1261 laudatorum
820 1223 1015 1262 aestimatio
1041 1232 1148 1264 erat:
1183 1223 1365 1262 delicatos
1393 1235 1530 1272 pueros

241 1286 360 1322 etiam
387 1285 533 1333 majore
570 1284 693 1324 multo
733 1286 896 1336 pecunia
935 1285 1196 1325 licitabantur.
1243 1285 1295 1324 Hi
1334 1298 1458 1324 mores
1486 1291 1531 1324 ut

244 1347 451 1387 exhaurire
487 1360 592 1387 arcas
621 1349 860 1396 docuerant,
884 1349 936 1388 ita
965 1348 1025 1388 his
1057 1349 1200 1387 artibus
1228 1348 1427 1388 exhaustas
1448 1348 1532 1387 aliis

245 1424 353 1460 aeque
385 1411 605 1461 perniciosis
640 1410 786 1462 replere
823 1411 1027 1461 cogebant.
1062 1411 1152 1450 inde
1185 1408 1285 1448 mira
1315 1422 1407 1448 mox
1434 1408 1533 1459 rapi-

244 1486 408 1520 narum,
444 1473 697 1522 injuriarum,
736 1473 1009 1523 fraudiumque
1046 1475 1080 1512 St
1117 1472 1373 1522 perjuriorum
1411 1470 1541 1535 seges.

243 1548 372 1585 neque
399 1534 461 1573 alii
486 1537 566 1585 jam
597 1535 636 1573 in
666 1534 901 1585 provinciis,
935 1547 1051 1585 quam
1085 1533 1188 1583 apud
1218 1531 1377 1580 urbem,
1404 1520 1541 1570 mores'

247 1608 383 1637 erant:
408 1596 521 1636 luxus
546 1599 584 1653 5&
612 1598 767 1637 avaritia
790 1598 922 1636 onmia
950 1595 1177 1647 pervaserat.

302 1658 355 1698 X.
384 1657 459 1697 Sed
492 1657 709 1708 supererant
737 1657 865 1696 adhuc
895 1658 1006 1707 pauci
1032 1670 1076 1696 ex
1103 1655 1309 1706 insignibus
1337 1655 1426 1694 viris
1456 1654 1534 1705 pri-

247 1721 351 1760 stina:
385 1719 594 1758 severitatis
633 1723 668 1759 δε
704 1721 948 1770 parsimonia?
986 1732 1200 1767 memores,
1242 1719 1378 1769 quibus
1418 1717 1535 1757 debet

247 1782 459 1832 imperium
486 1781 623 1831 populi
654 1782 846 1830 Romani,
873 1781 975 1831 quod
1015 1780 1208 1830 aliquanto
1250 1779 1390 1818 diutius
1421 1777 1536 1825 stetit.

250 1844 307 1884 Hi
336 1842 401 1882 ubi
436 1843 477 1881 in
503 1843 721 1892 provincias
755 1856 845 1882 cum
882 1843 1044 1893 imperio
1072 1842 1278 1890 venissent,
1305 1841 1398 1880 serio
1430 1841 1534 1879 vitiis

253 1906 410 1945 obviam
435 1905 567 1954 ibant,
595 1919 674 1944 non
694 1907 814 1956 magis
840 1906 1049 1944 acerbitate
1074 1918 1275 1955 poenarum
1303 1904 1535 1943 edictorum-

250 1984 322 2020 νε,
349 1984 465 2021 quam
500 1971 680 2021 exemplo
703 2001 714 2019 ,
751 1984 840 2010 cum
876 1971 981 2010 suam
1007 1971 1164 2021 quisque
1190 1971 1307 2009 vitam
1324 1999 1335 2016 ,
1357 1968 1462 2007 velut
1485 1980 1535 2007 ex

251 2034 332 2074 ulto
360 2036 397 2073 ὁὶ
434 2034 641 2084 conspicuo
669 2033 782 2082 loco,
809 2035 1035 2074 imitandam
1068 2031 1362 2084 provincialibus
1388 2044 1540 2082 propo-

252 2105 399 2135 nerent.
436 2097 490 2136 Ex
521 2095 580 2134 his
605 2095 665 2134 vel
692 2095 893 2135 clarissima
926 2096 1029 2135 fama
1063 2097 1207 2133 circum
1245 2093 1326 2132 haec
1362 2101 1538 2143 tempora

255 2161 305 2209 Q.
328 2160 483 2199 Mucius
504 2158 673 2199 Scaevola
695 2158 779 2198 fuit.
811 2160 889 2209 Qui
910 2168 1046 2209 praetor
1069 2159 1108 2195 in
1134 2157 1253 2196 Asiam
1278 2155 1429 2204 misius,
1449 2169 1537 2206 pro-

255 2220 488 2260 batissimum
526 2232 571 2259 ex
609 2221 744 2259 amicis
778 2221 814 2262 P.
844 2220 1032 2260 Rutilium
1068 2220 1320 2269 integerrimae
1349 2219 1432 2258 vitae
1466 2218 1539 2257 ho-

257 2284 403 2323 minem
438 2283 506 2322 fibi
542 2282 713 2333 legavit,
755 2284 863 2331 cujus
900 2282 1002 2331 fide,
1033 2281 1216 2331 consilio,
1248 2281 1428 2320 industria
1447 2310 1458 2328 ,
1484 2279 1537 2319 ad

308 2397 329 2438 Ε
360 2397 670 2440 V111.L·1v.}E1·t.
702 2396 845 2428 Diodor.
873 2407 925 2438 ap.
972 2395 1064 2429 ’5.1εΓ
1088 2397 1176 2431 Flor.
1194 2407 1238 2441 3,
1263 2392 1539 2440 12.§1X.P1·m.

264 2452 331 2483 14,
356 2441 376 2475 6
397 2442 430 2476 δε
453 2452 515 2484 17,
535 2452 568 2485 9,
591 2396 1023 2485 Β1οάοτ.]111’ἶ’111.38ἶὸ.
