1632 2641
218 133 314 195 '408
352 135 436 182 JO.
459 114 937 180 FRE1NS.supp.1N
953 128 1097 179 roc,
1116 134 1164 179 L.
1181 133 1326 181 Lxx.
1352 135 1467 182 mv,

220 255 429 283 novercam
452 272 464 289 ,
505 241 674 292 AEgyptii
711 241 809 291 regis
846 239 1053 290 aliquando
1095 244 1335 293 conjugem,
1373 243 1513 283 deinde

221 306 374 356 Grypo,
400 304 528 356 postea
552 303 746 354 Cyziceno
764 310 954 352 nuptam,
969 302 1009 340 in
1033 303 1322 344 matrimonium
1341 305 1511 356 accepit:

218 367 402 416 honesti,
421 376 534 416 atque
561 365 659 404 adeo
692 363 853 403 humani
881 365 1000 402 moris
1030 365 1069 402 in
1092 374 1245 406 tantum
1279 368 1513 417 perturbatis

220 428 396 481 legibu3‚
426 437 467 467 ut
494 425 840 476 multiplicatarum
865 425 962 463 inter
985 426 1081 465 duos
1104 427 1427 467 necellitudinum
1453 442 1515 467 va.

220 492 399 530 rietatem
423 487 636 540 intelligere
657 487 765 527 labor
789 488 854 536 fit3
891 487 1113 527 nominibus
1141 489 1369 541 distinguere
1390 488 1514 539 velle,

223 552 389 591 vanitas.
436 567 441 573 ·

282 614 417 655 LXVI.
442 613 554 653 Tales
578 614 698 652 ferme
719 625 809 651 cum
826 613 940 662 Syriae
957 626 1012 653 res
1034 612 1176 662 essent,
1201 614 1352 663 regibus
1376 627 1517 665 cogna-

223 678 276 715 tis
304 677 441 715 acriter
475 676 576 727 int-er
605 675 644 714 se
678 675 968 725 pugnantibus,
1002 675 1152 726 gravior
1183 689 1204 715 a
1235 676 1381 716 Parthis
1413 676 1519 716 Arsa-

227 752 316 787 ces,
343 739 389 777 ab
416 738 594 778 Armenia
621 738 804 788 Tigranes
822 768 835 785 ,
866 737 982 776 hostis
1016 738 1181 778 accesfit.
1217 741 1252 779 δε
1285 739 1385 778 intra
1414 739 1522 778 bien-

224 802 363 850 nium,
381 802 569 841 mortibus
595 810 660 840 aut
686 802 778 852 fuga
802 814 936 852 regum
952 832 962 850 ,
990 803 1115 841 omnis
1141 801 1205 841 illa
1233 802 1522 842 Seleucidarum

227 865 431 915 progenies
466 864 505 901 in
531 864 636 914 Syria
661 863 863 913 disparuit.
901 863 1027 903 Parthi
1053 863 1376 914 Mesopotamiam
1402 876 1523 914 popu*

227 927 420 966 labantur.
449 927 718 977 profectusque
746 940 792 965 eo
817 927 904 966 Pius
929 926 1143 966 Antiochus
1159 958 1169 975 ,
1201 927 1225 966 li
1247 926 1415 979 Josepho
1443 939 1525 966 cre-

166 1034 169 1039 y
230 989 384 1037 dimus,
415 989 564 1028 fortiter
600 1000 776 1039 pugnans
812 989 1039 1026 interemtus
1073 989 1136 1027 est.
1175 989 1249 1028 Sed
1281 990 1404 1028 verior
1432 989 1522 1028 sen-

232 1052 355 1090 tentia
380 1051 454 1098 est,
484 1050 636 1100 pulsum
664 1051 776 1090 armis
802 1050 968 1100 Philippi
999 1064 1043 1090 ac
1070 1052 1255 1091 Demetrii
1289 1053 1339 1091 ad
1364 1052 1523 1092 Parthos

234 1112 382 1162 fugiffe.
414 1120 514 1150 certe
540 1111 684 1150 multos
708 1111 791 1162 post
818 1124 939 1150 annos
956 1111 1138 1162 superstes
1155 1143 1166 1159 ,
1193 1122 1308 1164 atque
1333 1114 1430 1152 adeo
1454 1115 1524 1153 ite-

234 1188 323 1213 tum
347 1187 413 1213 rex
447 1175 486 1212 in
515 1175 619 1226 Syria
643 1174 728 1213 fuit.
765 1174 871 1214 Inter
900 1173 966 1212 has
997 1176 1293 1225 inexpiabilium
1332 1175 1526 1217 bellorum

238 1237 370 1275 clades
398 1249 534 1286 regum
563 1236 720 1275 suorum
744 1235 924 1287 pertaesus
946 1237 1137 1288 populus,
1167 1238 1216 1277 ac.
1239 1245 1392 1278 externa
1414 1238 1531 1289 respi-

240 1311 327 1338 cere
350 1298 508 1348 imperia
532 1306 715 1348 coeperat.

294 1361 446 1402 LXVH.
483 1361 576 1400 Tres
599 1361 760 1399 omnino
776 1391 790 1407 ,
816 1360 863 1398 de
890 1359 1028 1410 quibus
1053 1361 1214 1411 cogitari
1239 1361 1388 1412 posset,
1422 1375 1530 1413 reges

241 1433 375 1463 erant:
400 1423 666 1471 Mithridates,
692 1422 917 1462 Ptolemaeus
931 1453 941 1469 ,
961 1424 995 1461 δέ
1010 1423 1208 1462 Armenius
1224 1424 1419 1474 Tigranes.
1445 1425 1533 1464 Pto-

240 1486 445 1534 lemaeum‚
467 1496 509 1525 ut
525 1495 753 1536 perpetuum
777 1486 894 1535 Syrias
919 1485 1087 1533 hostem,
1107 1485 1427 1536 aspernabantur,
1453 1487 1532 1526 im-

243 1549 399 1600 plicitus
425 1548 526 1588 bello
552 1549 728 1589 Romano
748 1547 998 1588 Mithridates
1026 1554 1127 1603 (nec
1151 1551 1257 1589 enim.
1283 1549 1427 1590 bellum
1450 1551 1534 1590 fore

245 1613 287 1652 in
316 1612 478 1651 obscuro
501 1611 605 1665 erat)
629 1625 678 1651 ne
704 1625 865 1662 regnum
892 1612 1031 1662 quietis
1062 1626 1176 1664 egens
1201 1614 1310 1653 novis
1331 1613 1448 1653 turbis
1478 1613 1533 1652 in-

246 1674 449 1721 x⁴olveret,
478 1675 701 1715 timebatur.
735 1675 831 1714 nihil
858 1674 995 1714 melius
1014 1676 1134 1715 visum
1151 1706 1160 1723 ,
1189 1689 1302 1727 quam
1328 1676 1376 1715 ad
1402 1675 1535 1726 Tigra-

245 1739 340 1776 ‘nem
368 1738 604 1786 concedere,
626 1740 736 1787 cujus
762 1738 934 1789 potentia
961 1738 1053 1776 ficut
1074 1737 1282 1776 metuenda
1306 1736 1459 1784 alienis,
1482 1738 1535 1777 ita

248 1797 422 1849 praesidio
451 1799 579 1837 futura
617 1797 673 1836 illi
702 1798 740 1836 se
775 1798 1085 1849 permittentibus
1109 1797 1210 1837 effet.
1251 1797 1295 1837 In
1320 1796 1419 1836 hanc
1447 1796 1534 1837 sen-

249 1860 413 1899 tentiam
438 1861 548 1899 itum.
579 1861 765 1911 Tigranes
791 1863 906 1912 Syriae
933 1875 1093 1912 regnum
1110 1892 1120 1910 ,
1147 1860 1324 1911 imposito
1351 1860 1534 1908 Magada-

250 1930 292 1962 te
318 1923 522 1973 praefec'tm
553 1923 765 1964 multorum
791 1938 980 1964 annorum
1005 1925 1054 1963 fic
1076 1924 1161 1963 satis
1184 1931 1321 1974 pacata
1346 1921 1536 1972 poffeffio„

249 1998 302 2024 ne
333 1985 470 2024 tenuit.
511 1985 574 2024 Ob
600 1984 668 2024 has
701 1994 784 2025 tum
823 1985 978 2033 causas,
1017 1985 1205 2035 aliasque,
1239 1985 1287 2023 de
1316 1984 1452 2033 quibus
1485 1985 1538 2024 est

247 2045 494 2095 expofitum,
533 2045 664 2086 miffus
699 2047 746 2086 ab
780 2047 913 2088 senatu
949 2046 1055 2087 Sulla
1085 2044 1323 2098 provinciam
1356 2044 1537 2085 Ciliciam

253 2107 402 2147 habuit.

302 2219 324 2262 ξ
350 2220 453 2251 LXV.
481 2219 600 2252 Justin.
627 2220 650 2252 1.
673 2229 727 2259 40.
753 2219 900 2262 Appian
931 2218 1099 2262 §LXVL
1124 2216 1290 2261 Porphyr.
1319 2216 1423 2261 Trogi
1449 2215 1540 2250 Ptol

256 2274 314 2306 40.
339 2263 522 2310 §LXVII
545 2263 752 2305 Justin.40,
776 2275 805 2297 1.
835 2264 981 2307 Appian.
1004 2263 1132 2306 Syriae.

1567 146 1586 157 τ
