1632 2641
321 130 402 176 IN
452 131 982 180 LOC.L113.LXX
1034 136 1172 186 mv,
1337 140 1425 201 385

142 234 272 273 omnia
296 242 476 275 uteretur.
513 237 598 285 jain
630 238 801 287 primum
827 251 949 289 neque
975 240 1054 290 ipse
1078 243 1258 294 cuiquam
1285 258 1334 284 ne
1356 247 1426 285 mi-

139 297 250 335 nimo
271 297 428 346 quidem
454 297 594 337 sumtui
621 307 722 347 erat;
751 313 875 350 neque
897 302 1056 341 comites
1083 305 1156 343 ell'e
1183 306 1419 356 patiebatur:

142 358 270 396 omnia
285 388 294 405 ‚
313 371 394 408 quae
416 358 504 397 socii
521 359 809 409 proconsulibus
833 363 1129 415 praetoribusque
1141 366 1308 416 praebere
1333 381 1423 409 con.

138 416 362 466 sueverant,
388 420 451 458 sua
479 423 642 470 pecunia
663 422 825 462 emebat.

193 479 263 518 XI.
288 479 516 530 Frugalitate
543 482 682 521 deinde
708 485 743 522 δε
770 484 990 534 incorrupta
1014 486 1154 534 justitia
1178 491 1418 538 provinciam

137 553 185 580 ex
221 541 381 591 pristinis
420 542 701 582 calamitatibus
730 545 824 583 mire
854 547 1048 584 recreavit.
1090 548 1308 598 Superiores
1335 567 1423 603 pro·
1451 552 1457 568 s

137 603 332 650 consules,
358 618 407 644 ne
439 605 678 646 offenderent
713 609 889 658 equites,
915 609 954 647 in
981 623 1142 660 quorum
1179 626 1292 653 mauu
1312 618 1419 665 ,judi-

137 667 197 705 cia
225 667 380 716 Romae,
410 669 445 707 δὲ
473 670 576 718 apud
609 669 762 709 eosdem
790 671 830 708 iu
857 672 1067 721 provinciis
1100 673 1253 723 publica
1286 688 1418 727 erant,

137 730 300 780 quadam
336 731 433 780 quali
463 731 639 772 societate
666 745 754 772 cum
777 736 896 773 avaris
925 737 960 774 Sc
987 735 1165 776 violentis
1190 737 1415 779 hominibus

133 793 254 841 inita,
286 793 372 831 ferri
410 794 544 844 agique
577 797 708 835 omnia
733 809 782 835 ex
803 793 957 835 illorum
993 797 1175 838 arbitratu
1211 800 1411 842 linebast:

133 856 324 895 interdum
352 858 387 895 &
410 856 476 906 ipsi
507 869 572 906 pro
601 857 638 896 se
663 857 886 908 rapiebant,
909 854 1151 909 spoliabant&
1181 862 1277 901 nihil
1300 877 1321 903 a
1346 876 1412 903 cu-

132 919 296 969 piditate
326 919 533 968 intactum,
559 919 658 959 nihil
687 933 707 958 a
731 920 889 959 libidine
913 935 1051 971 purum
1081 924 1330 974 patiebantur.
1362 927 1413 966 At

134 981 185 1030 Q.
212 979 381 1020 Scaevola
412 980 448 1019 se
473 980 630 1031 suosque
660 981 908 1030 abstinentia,
932 990 1077 1023 ceteros
1102 987 1184 1034 jure
1207 985 1411 1037 diligenter

132 1046 166 1082 ἃ
189 1043 314 1082 Γειηξὶε
338 1043 529 1090 dicundo,
558 1044 592 1082 ἃ
614 1043 677 1092 qui
703 1056 835 1082 eorum
862 1043 1087 1084 insanabiles
1117 1045 1258 1095 effent,
1282 1049 1406 1096 poenis

130 1103 344 1142 coercebat.
378 1103 561 1142 Asiaticos
594 1102 667 1142 suis
702 1103 852 1153 legibus
878 1105 977 1143 inter
1005 1104 1041 1144 se
1069 1105 1277 1156 disceptare
1297 1108 1407 1157 jube-

128 1166 219 1206 bat:
248 1166 441 1216 pactiones
470 1165 764 1215 publicanorum
792 1166 992 1206 servabat:
1021 1176 1126 1207 extra
1153 1181 1266 1218 quam
1299 1170 1322 1208 fi
1354 1171 1408 1211 ita

125 1228 325 1278 negotium
362 1225 504 1276 gestum
537 1226 652 1274 ess'et,
674 1234 716 1265 ut
745 1239 790 1266 eo
818 1227 902 1266 stari
924 1240 1001 1266 non
1028 1236 1221 1278 oporteret
1245 1242 1291 1268 ex
1324 1230 1404 1270 fide

127 1287 241 1326 bona.
271 1286 318 1324 de
344 1285 480 1335 quibus
500 1286 610 1325 rebus
634 1288 671 1324 in
698 1289 757 1336 jus
783 1288 880 1326 itum
911 1288 1026 1335 effet,
1055 1290 1181 1338 quod,
1206 1290 1314 1330 causa
1340 1305 1404 1332 co-

127 1349 256 1399 gnita,
285 1348 363 1386 dati
386 1347 533 1396 judices
559 1349 702 1394 (dabat
730 1355 858 1388 autem
884 1349 1133 1403 inculpatos)
1162 1354 1404 1402 pronuntias.

123 1413 232 1457 sent,
259 1410 337 1448 dari
358 1409 437 1447 fieri
461 1409 612 1449 exclusa
635 1404 824 1449 calumnia
850 1411 1026 1461 cogebat.
1057 1413 1244 1452 atrociora
1273 1415 1402 1454 crImi-

0 1440 10 1519 i*
121 1485 171 1511 na
197 1469 350 1521 capitali
372 1469 536 1508 vindicta
559 1469 842 1509 inexorabiliter
862 1470 1160 1521 prosequebatur
1183 1486 1191 1512 :
1218 1483 1259 1512 ut
1278 1477 1396 1515 etiam

0 1522 1 1531 ἵ
120 1533 418 1584 dispensatorum
441 1531 629 1569 societatis
658 1529 771 1569 facile
803 1531 1043 1580 principem,
1080 1545 1311 1582 quamquam
1346 1536 1395 1575 de

118 1596 294 1636 libertate
322 1607 410 1634 cum
443 1593 607 1632 dominis
634 1595 813 1643 pactum,
839 1594 1128 1634 manumillione
1155 1608 1233 1634 non
1267 1596 1396 1648 exspe-

117 1661 242 1704 ctata,
268 1657 306 1695 in
336 1667 489 1694 crucem
526 1655 686 1694 tolleret.

170 1720 259 1761 XII.
287 1719 443 1758 Interim
464 1717 733 1767 &publicani,
762 1716 978 1767 spectaculo
1006 1718 1092 1768 ipsis
1115 1719 1275 1768 acerbo,
1303 1735 1394 1772 pro·

116 1779 339 1823 vincialibus
364 1780 449 1818 laeto
465 1810 475 1826 ,
503 1779 681 1817 omnibus
701 1792 824 1827 novo,
852 1779 899 1818 ab
924 1780 991 1828 iis,
1009 1793 1102 1831 quos
1127 1792 1236 1835 antea
1263 1785 1389 1823 modis

116 1845 296 1886 omnibus
318 1844 474 1893 impune
495 1850 742 1888 vexaverant,
765 1843 1011 1882 condemnati
1034 1844 1071 1882 in
1094 1844 1245 1884 vincula
1275 1846 1390 1884 duce-

116 1907 263 1946 bantur.
298 1906 368 1945 His
405 1904 516 1942 rebus
551 1917 639 1942 cum
679 1917 747 1954 per
781 1905 925 1942 menses
961 1905 1080 1943 ferme
1110 1919 1247 1944 novem
1288 1907 1390 1959 (inec

116 1969 216 2008 enim
250 1968 390 2006 diutius
415 1967 452 2004 in
483 1966 674 2016 provincia
705 1965 806 2015 fuit)
832 1965 1052 2004 indefessam
1085 1979 1238 2016 operam
1264 1967 1388 2006 dedis-

113 2030 191 2078 set,
206 2038 351 2070 tantam
375 2029 515 2078 ubique
538 2028 852 2078 approbationem
876 2028 1101 2078 promeruit,
1124 2036 1165 2065 ut
1189 2029 1224 2067 Sc
1239 2028 1277 2066 in
1300 2041 1388 2078 pro-

113 2092 239 2133 vincia
271 2093 424 2130 decreto
460 2091 656 2128 civitatum
685 2090 816 2130 Mucia
851 2090 985 2128 festum
1011 2089 1316 2137 instituerentur,
1347 2092 1385 2130 &

111 2152 262 2191 senatus
287 2152 464 2201 deinceps
488 2152 592 2190 ituris
618 2152 653 2189 in
679 2151 914 2201 provinciam
940 2150 1237 2200 magistratibus,
1257 2164 1387 2191 exem-

112 2214 222 2266 plum
262 2222 375 2262 atque
408 2215 571 2252 formam
608 2214 721 2253 officii
750 2213 957 2254 Scaevolam
992 2206 1233 2263 proponeret.
1267 2214 1386 2254 Haud

111 2275 229 2314 dubie
252 2274 447 2324 publicani
474 2274 700 2314 fremebant.
728 2288 817 2314 nam
838 2278 873 2315 Sc
900 2274 1096 2314 occasione
1112 2274 1288 2314 vindictae
1313 2274 1383 2314 ob.

109 2367 246 2443 DSdX.
276 2367 351 2399 Val.
381 2366 474 2409 Max.
497 2366 516 2397 8
534 2392 543 2407 ,
573 2377 625 2406 15.
652 2366 794 2402 Diodor.
827 2366 848 2412 ς
874 2367 934 2402 XI.
966 2366 1037 2400 cic.
1067 2365 1106 2398 ad
1133 2365 1238 2399 Attic.
1278 2365 1318 2409 6,
1355 2375 1385 2400 ι.

145 2423 177 2443 10
202 2423 252 2443 or.

178 2459 229 2504 T.
257 2459 350 2505 Liv.
378 2459 474 2503 Vol.
503 2458 634 2509 VIII.
1110 2455 1143 2501 B
1163 2454 1193 2501 b
