1632 2641
220 162 313 211 330
380 147 472 195 JO.
511 147 1014 195 FREINSHEMII
1050 149 1415 198 SUPPLEM.'

217 269 291 306 que
317 254 457 306 peritos
483 253 675 296 vilescere.
716 255 800 296 Hac
822 263 901 295 arte
928 258 1037 296 ducis
1058 257 1161 296 brevi
1190 260 1402 309 perfectum
1426 258 1508 304 ἑῆς

216 327 260 356 ut
287 317 425 356 milites
452 330 530 356 non
556 318 676 356 modo
710 319 844 357 timere
869 319 1014 360 hostem
1044 320 1277 367 desinerent,
1306 320 1369 360 sed
1387 320 1506 359 etiam

216 379 308 418 valli
339 379 480 429 magis,
511 393 626 429 quam
650 392 841 421 armorum
861 410 870 428 ‚
899 394 972 430 ope
1001 382 1158 421 defendi
1198 382 1503 431 indignarentur.

215 443 372 492 jamque
401 441 643 480 tribunorum
677 442 712 481 Sc
747 444 1020 482 centurionum
1059 442 1233 493 plerique
1271 442 1417 482 deferre
1452 443 1504 482 ad

215 506 485 555 imperatorem
512 504 768 555 querimonias
791 505 958 545 militum
983 506 1141 556 suasque
1168 507 1373 546 audebant.
1406 518 1504 556 quos

211 567 277 606 ille
303 568 441 606 acriter
478 567 734 617 objurgabat,
757 568 882 620 partire
908 569 1101 619 proditores
1137 569 1395 619 appellando,
1420 569 1502 621 qui,

211 642 378 682 qnantum
397 631 435 668 in
455 631 536 685 ipsis
559 631 637 683 effer
652 660 663 678 ‚
679 630 953 680 florentlſjz'mum
971 632 1097 684 populi
1118 633 1269 669 Romani
1293 632 1503 678 exercitum,

211 692 352 730 tutelam
373 693 506 738 Italiae,
521 693 616 745 spem
636 693 733 730 urbis
757 693 897 730 unicam
912 723 924 739 ‚
942 693 1110 746 praecipiti
1135 695 1318 732 temeritate
1328 694 1504 744 perditum

209 753 307 792 irent.
335 752 416 791 haec
437 753 641 803 privatim,
672 754 706 792 ἃ
728 761 860 791 contra
884 751 1065 802 singulos,
1095 760 1133 790 at
1153 752 1409 791 multitudinis
1428 751 1502 789 im-

209 822 342 865 petum
360 816 464 853 comi
485 813 658 853 sermone
681 813 877 853 leniebat:
903 828 975 852 non
1001 814 1164 866 ignarum
1183 813 1245 865 se,
1265 813 1390 866 quibus
1412 812 1502 849 viris

202 878 376 932 proeeſjk,
407 893 513 930 neque
538 879 660 916 virtuti
685 878 823 916 illorum
839 908 851 923 ‚
879 889 942 915 aut
960 877 1071 915 robori
1096 876 1246 931 <l1ffisum
1270 891 1336 914 rem
1358 876 1500 914 trahere.

208 944 374 983 monitum
399 945 555 981 Deorum
582 942 666 994 ejffi’,
696 954 734 979 ut
760 941 911 979 debitum
933 941 1085 978 vifforiae
1109 952 1243 993 tempus
1264 940 1469 991 opperiatur.

261 1006 344 1046 VH.
373 1005 538 1057 Facilius
564 1019 686 1055 pravae
713 1004 910 1055 religionis
938 999 1135 1050 ludibrio,
1164 1015 1278 1052 quam
1300 1004 1411 1041 rectae
1434 1014 1497 1040 re-

206 1071 401 1119 verentia,
425 1069 502 1120 regi
534 1069 708 1119 vulgares
739 1069 876 1107 animae
908 1068 1129 1118 patiuntur:
1161 1078 1286 1116 neque
1308 1064 1384 1103 ulia
1410 1077 1501 1103 con-

207 1132 373 1170 tinendis
411 1139 494 1170 tum
532 1129 719 1169 militibus
754 1128 945 1168 efficacior
978 1129 1073 1166 ratio
1111 1127 1200 1166 fuit.
1245 1126 1294 1166 Et
1322 1126 1494 1173 Marius5

207 1195 281 1234 five
306 1194 385 1245 ipse
408 1207 562 1245 quoque
585 1192 761 1232 credulus
783 1192 945 1240 talibus,
973 1192 1047 1230 {ive
1074 1190 1249 1229 utilitatis
1273 1189 1388 1238 hujus
1417 1201 1497 1239 gra-

206 1258 283 1305 tia,
310 1258 435 1308 sagam
462 1270 511 1296 ex
539 1256 669 1308 Syria,
695 1253 892 1294 Martham
917 1254 1097 1300 nomine,
1128 1253 1167 1290 in
1197 1251 1350 1298 castris,
1382 1252 1416 1288 Sc
1438 1250 1498 1288 fu-

206 1329 380 1358 turorum
403 1318 622 1369 praesciam,
652 1319 687 1357 &
705 1316 896 1355 sacrorum
923 1315 1143 1366 magistram
1169 1312 1347 1351 habebat.
1381 1312 1496 1351 Hanc

207 1383 295 1422 artis
317 1381 394 1423 ‚suae
422 1381 618 1432 specimen
644 1380 684 1418 in
710 1379 803 1418 urbe
830 1378 944 1417 edere
972 1377 1233 1426 satagentem,
1255 1374 1407 1413 senatus
1432 1372 1493 1410 su-

204 1443 435 1494 perstitionis
462 1450 625 1481 externae
654 1447 902 1487 contemtor,
936 1438 1067 1488 patriae
1095 1445 1231 1484 tenax,
1264 1447 1353 1473 cum
1380 1446 1494 1482 repu-

207 1504 328 1552 lilset‚
356 1505 404 1542 ad
428 1503 596 1543 Marium
617 1515 715 1541 uxor
735 1500 837 1549 Julia
863 1499 1037 1538 miserat:
1068 1497 1255 1536 admirata
1278 1495 1492 1546 praedidtio-

206 1566 265 1604 nis
298 1574 506 1613 eventum,
541 1564 646 1614 quod
681 1562 908 1613 gladiatorio
942 1561 1150 1599 certamine
1186 1559 1336 1604 victor,
1374 1568 1490 1606 quem

204 1628 361 1669 Martha
385 1628 560 1667 futurum
586 1626 844 1672 indicaverat,
869 1622 1073 1662 exstitisset.

259 1689 360 1728 VIII.
394 1690 446 1729 Ut
471 1701 561 1738 ergo
586 1686 735 1725 mulieri
762 1693 868 1724 tanto
893 1685 979 1735 plus
1009 1683 1245 1723 auetoritatis
1276 1682 1314 1720 in
1348 1680 1491 1720 exerci-

205 1759 247 1790 tu
269 1751 516 1801 conciliaret,
545 1748 689 1789 lecticae
711 1748 926 1797 impolitam
949 1758 1038 1784 cum
1058 1744 1303 1784 veneratione
1327 1743 1489 1781 circum-

203 1813 377 1853 ferebat:
416 1814 576 1860 eadem,
609 1812 762 1861 quoties
786 1811 834 1848 ad
869 1808 973 1848 sacra
1008 1808 1189 1847 obeunda
1215 1806 1413 1857 prodiret,
1449 1804 1488 1842 in

204 1889 398 1928 purpureo
419 1875 586 1915 amiculo
610 1873 780 1925 duplici,
803 1872 907 1922 quod
933 1884 1045 1915 aurea
1071 1870 1189 1910 fibula
1215 1867 1487 1914 subnectebat,

205 1938 350 1977 hastam
371 1938 494 1978 taeniis
520 1940 556 1978 δε
587 1937 877 1976 coronamentis,
893 1935 1109 1974 redimitam
1138 1932 1314 1972 manibus
1342 1931 1488 1978 ferens,

204 2000 521 2051 conspiciebatur.
553 2001 760 2047 Praeterea‚
791 1999 896 2049 quod
925 1996 1129 2038 Alexandri
1146 1994 1297 2045 Myndii
1323 1992 1400 2031 fide
1426 2004 1485 2029 re-

203 2064 327 2103 latum
351 2064 426 2112 est,
454 2064 534 2111 duo
561 2063 727 2103 vultures
760 2063 979 2114 frequenter
1003 2062 1044 2099 in
1076 2057 1246 2097 exercitu
1277 2055 1390 2094 Marii
1421 2066 1486 2103 ap-

203 2132 436 2176 paruerunt,
471 2138 517 2163 ex
546 2126 658 2163 aeneis
692 2123 897 2162 collaribus
930 2122 1037 2168 noti,
1072 2132 1154 2169 quae
1189 2115 1311 2167 captis
1344 2113 1486 2152 milites

204 2188 457 2235 addiderant3
495 2187 643 2235 nuntii,
672 2194 714 2225 ut
745 2184 994 2231 credebatur,
1017 2179 1209 2226 victoriae,
1239 2188 1362 2226 eoque
1390 2188 1487 2213 nun-

203 2263 319 2299 quam
344 2249 418 2287 sine
445 2249 610 2287 maxima
639 2246 807 2285 militum
833 2245 962 2285 laetitia
992 2241 1211 2292 conspeffi:
1233 2236 1486 2289 quemadmo-

203 2314 296 2352 dum
323 2313 452 2363 paucis
479 2311 559 2362 post
583 2310 712 2358 annis,
730 2316 771 2348 ut
792 2307 992 2359 probabile
1016 2306 1090 2354 est,
1109 2305 1390 2344 vaframentum
1412 2300 1487 2339 im·

202 2375 386 2427 potatoris
418 2374 472 2413 sui
501 2375 697 2421 imitatus,
724 2384 874 2410 cervam
902 2372 954 2421 Q.
980 2369 1165 2410 Sertorius
1191 2365 1337 2406 habuit.

246 2487 262 2522 §
283 2480 358 2515 Vn.
378 2479 609 2514 Fr‹›nt.Strat.
632 2491 661 2521 ι,
684 2490 733 2512 ιι.
750 2478 869 2520 Plut.§
889 2477 981 2513 V111.
1002 2477 1099 2521 Virg.
1123 2474 1201 2508 AEn.
1225 2484 1259 2514 4,
1285 2482 1359 2516 139·
1384 2470 1475 2505 Plut.
