1632 2641
236 129 296 176 34
377 107 1419 160 JO.FRE1NSHEMIISUPPLEM;

233 222 340 260 tione
372 220 484 259 latius
507 219 673 258 diffundi
698 219 822 270 potest
838 249 850 267 ,
881 220 1011 270 inepta
1040 218 1250 269 superstitio
1266 251 1277 269 ‚
1305 223 1339 261 ἃ
1366 235 1433 272 per
1457 231 1517 262 argi,

232 295 324 321 nam
345 281 612 320 credulitatem
629 279 779 329 objecta
796 280 956 331 negotiis
979 280 1256 330 impedimenta
1281 283 1515 322 minuuntur.

236 345 336 394 Quis
365 344 468 382 enim
493 342 609 381 hodie
638 355 714 381 non
743 343 864 381 rideat
891 343 1044 380 inanem
1068 350 1126 380 tot
1151 342 1317 381 millium
1345 353 1516 392 metum,

231 406 478 446 fortissimum
506 405 736 453 exercitum,
763 403 1154 454 ferociffimarumque
1180 407 1352 455 gentium
1387 406 1519 445 domi-

231 479 381 517 torem,
398 468 509 508 unius
524 480 600 506 non
619 467 773 506 maximi
797 467 917 505 amnis
939 478 987 504 ne
1011 467 1147 505 fluctus
1172 467 1327 516 quidem
1344 474 1409 506 aut
1431 480 1519 505 vor-

232 531 328 569 tices
344 561 355 579 ‚
379 529 442 568 sed
468 528 591 568 solum
617 540 782 573 nomen,
809 536 921 577 atque
945 527 1088 565 nudam
1112 526 1412 577 appellationem
1433 528 1524 566 hor-

233 592 355 632 ruiss'e.
399 590 556 633 Scilicet
581 591 707 629 evenit
738 589 895 627 rudibus
920 587 1123 626 hominum
1151 589 1314 637 animis,
1348 591 1450 640 quod
1479 591 1518 629 in

232 653 446 694 belluarum
474 653 712 702 quarundam
733 661 864 690 natura
890 651 1096 698 miramur3
1124 663 1230 700 quae,
1252 663 1341 689 cum
1356 653 1518 691 immani

230 715 370 755 robore
405 712 601 764 polleant,
627 711 806 762 nullaque
834 713 867 750 vi
895 712 963 750 sint
990 711 1244 761 superabiles,
1269 713 1520 752 contemtilli-

230 791 384 818 morum
415 775 732 815 animalculorum
766 782 906 812 terrore
941 782 1177 812 coercentur.
1216 774 1293 813 Leo
1320 787 1402 824 quae
1440 775 1518 814 for-

233 841 382 880 midare
405 839 577 886 dicatur,
606 837 667 876 vix
689 837 851 887 dignum
879 836 997 875 relatu
1026 835 1098 874 est:
1127 834 1370 884 elephantus,
1398 849 1522 875 arma-

231 910 289 941 tas
311 901 410 940 acies
427 898 600 938 obterere
625 895 759 934 solitus
774 926 786 943 ‚
812 895 860 934 ad
884 894 1132 945 conspectum
1154 896 1295 943 muris,
1323 905 1388 936 aut
1408 910 1522 948 grun-

229 965 358 1002 nitum
383 961 457 999 suis
473 990 484 1008 ‚
513 957 742 1009 expavescit.

298 1022 454 1063 XXXI.
491 1020 641 1071 Quibus
676 1018 779 1057 haud
811 1016 995 1057 dissimilis
1023 1014 1155 1056 eorum
1183 1018 1423 1058 exercituum
1453 1033 1521 1071 pu-

230 1085 466 1126 sillanimitas
492 1083 591 1130 fuit,
621 1083 687 1131 qui
714 1093 780 1131 per
806 1079 1062 1130 ignorantiam
1086 1080 1134 1118 ad
1166 1092 1222 1118 res
1251 1081 1436 1119 innocuas
1463 1095 1523 1122 ex-

229 1149 376 1196 territi,
403 1145 518 1184 robur
548 1144 643 1182 veris
670 1140 848 1193 periculis
876 1141 1137 1189 indomitum,
1163 1141 1338 1180 inanibus
1365 1143 1520 1182 terricu-

230 1209 410 1250 lamentis
434 1205 634 1247 evilescere
657 1204 748 1255 palli
769 1204 875 1243 sunt:
905 1204 1031 1254 qualia
1056 1203 1208 1243 classem
1229 1204 1517 1245 Atheniensium

231 1272 302 1312 sub
318 1272 450 1317 Nicia,
478 1268 777 1309 Macedonicum
800 1267 1010 1306 exercitum
1038 1265 1104 1305 sub
1128 1267 1260 1306 Perseo
1285 1267 1432 1317 peffum
1455 1270 1522 1308 de-

234 1335 346 1374 dere:
374 1332 555 1380 idemque
578 1329 790 1380 periculum
817 1328 884 1367 sub
910 1329 953 1367 ea
983 1341 1179 1378 tempora,
1208 1342 1291 1378 quae
1317 1342 1420 1367 nunc
1450 1330 1522 1369 de-

232 1394 431 1435 scribimus
447 1424 458 1439 ‚
475 1393 522 1431 ad
544 1391 793 1432 Numantiam
818 1389 1253 1446 exercitibusxRomanis
1280 1389 1377 1438 fuit,
1396 1390 1521 1429 donec

234 1469 256 1494 a
275 1454 454 1503 Scipione
475 1462 577 1491 vates
596 1454 631 1491 Sc
647 1450 785 1490 harioli
810 1463 830 1488 a
853 1450 975 1488 castris
1000 1450 1304 1490 amandarentur.
1328 1451 1440 1501 Atqui
1462 1451 1521 1490 his

234 1516 344 1556 malis
360 1547 370 1563 ‚
384 1513 593 1563 ceterisque
614 1512 822 1562 plerisque,
837 1519 939 1550 certa
955 1511 1041 1550 sunt
1061 1511 1291 1561 asapientiae
1315 1511 1463 1559 studiis,
1483 1515 1519 1552 &

235 1590 360 1617 rerum
385 1577 568 1626 gestarum
593 1573 836 1623 scriptoribus
864 1573 1044 1611 remedia.
1069 1585 1160 1611 nam
1183 1575 1217 1612 ἃ
1245 1571 1310 1611 illa
1327 1582 1518 1622 mentem,

233 1637 457 1688 cognitione
481 1636 557 1673 veri
586 1634 799 1680 munitam,
820 1633 925 1672 vanis
952 1633 1158 1672 terroribus
1182 1632 1370 1681 liberant,
1402 1636 1436 1673 δε
1463 1633 1520 1672 isti

233 1709 450 1749 paucorum
469 1694 733 1744 experimentis
754 1693 901 1732 animos
924 1693 1099 1732 omnium
1119 1693 1168 1732 ad
1188 1694 1437 1733 incommoda
1450 1707 1520 1746 pa-

234 1760 289 1798 ria
314 1757 466 1796 vitanda
489 1756 687 1794 instruunt.

290 1818 465 1859 XXXII..
494 1817 570 1856 Sed
585 1817 634 1854 ad
650 1829 776 1854 rerum
796 1816 969 1854 ordinem
994 1815 1205 1855 redeamus.
1228 1815 1366 1855 Brutus
1382 1847 1395 1863 ‚
1411 1816 1520 1856 Obli-

235 1880 360 1921 vionis
389 1878 503 1917 fluvio
534 1877 736 1927 superam,
774 1876 916 1915 transiit
948 1878 982 1915 &
1008 1876 1175 1916 Minium
1205 1890 1388 1925 amnem,
1420 1877 1522 1917 ultra

237 1955 355 1993 quem
378 1939 529 1978 Bracari
553 1936 712 1985 colunt3
736 1937 833 1990 (qui
874 1937 1047 1976 omnium
1084 1939 1280 1978 Lusstaniae
1315 1939 1520 1979 fluminum

237 2003 426 2043 maximus:
455 1999 527 2038 effe
547 1999 714 2037 creditur
730 2000 768 2052 3)
788 2007 830 2037 ut
853 1999 1097 2039 barbarorum
1130 2001 1330 2039 audaciam
1365 2002 1521 2052 castiga<

237 2074 319 2112 ret,
346 2063 431 2113 quia
460 2068 604 2110 partem
641 2062 952 2109 commeatuum,
981 2061 1043 2110 qui
1065 2062 1103 2099 in
1129 2061 1243 2100 castra
1270 2063 1375 2102 Bruti
1404 2063 1520 2102 vene-

237 2127 376 2166 bantur
390 2154 401 2171 ,
417 2124 705 2171 interceperant.
722 2122 920 2161 Hiseetiam
939 2135 1081 2162 armare
1101 2123 1261 2161 feminas
1283 2124 1399 2162 moris
1415 2133 1517 2171 erat3

239 2199 364 2237 neque
389 2184 536 2235 segnius
552 2183 608 2221 hae
621 2213 632 2231 ‚
648 2195 761 2232 quam
776 2183 843 2220 viri
858 2213 869 2231 ‚
884 2183 1174 2232 proeliabantur:
1200 2198 1277 2222 non
1295 2185 1414 2235 fugae,
1440 2198 1520 2223 non

240 2249 405 2299 ejulatus
424 2249 523 2286 inter
538 2247 632 2285 dura
648 2259 854 2294 memores;
879 2246 943 2286 sed
964 2260 1041 2285 uno
1059 2258 1163 2286 metu
1180 2247 1366 2287 servitutis
1379 2278 1390 2297 ,
1403 2262 1518 2299 quam

291 2369 312 2410 ς
338 2367 462 2400 XXXI.
480 2366 567 2399 Prin.
586 2376 613 2405 5,
641 2377 676 2397 21
702 2365 733 2396 ἃ
758 2365 776 2396 3
793 2391 801 2405 ,
819 2377 856 2399 12
883 2366 915 2399 δᾶ
937 2366 987 2400 16.
1012 2367 1216 2402 Freinsh.ad
1232 2368 1387 2401 Curtium
1409 2377 1451 2408 4,
1468 2378 1522 2401 ιι.

242 2411 348 2445 Sunia.
367 2414 389 2445 1„
410 2424 419 2444 1
442 2411 473 2445 ἀ
489 2411 674 2455 30Appian.
699 2410 793 2451 Hisp.
