1632 2641
270 130 612 178 'INLOQ
657 130 796 176 LIB.
845 129 1030 176 LXVIII
1076 130 1223 176 LIV.
1326 144 1417 192 329

133 237 309 284 animos,
332 236 408 275 hoc
434 243 654 276 commento
683 237 770 275 usus
794 236 857 275 est.
889 236 1030 276 Literas
1058 238 1204 275 circum
1227 235 1417 286 suspenos

132 300 302 350 populos
325 300 448 348 misit,
467 300 604 350 quibus
626 300 765 349 apertis
780 330 790 346 ,
813 299 967 337 vetabat
991 299 1202 345 interiores,
1221 312 1303 348 quae
1324 297 1420 337 seor-

132 361 200 400 fim
233 362 352 413 figillo
383 362 518 402 clausae
549 371 681 409 erant,
703 370 790 400 ante
822 370 963 399 certam
992 361 1094 400 diem
1126 360 1223 411 legi:
1253 360 1416 407 deinde,

131 424 351 474 priusquam
368 437 411 463 ea
435 424 514 463 dies
536 423 715 471 venisset,
734 422 876 464 tabulis
900 424 1070 472 repetitis
1087 453 1097 471 ,
1119 436 1184 461 eos
1199 453 1209 470 ,
1232 435 1252 461 a
1278 421 1416 472 quibus

132 495 223 524 ante
249 487 474 537 praedietum
503 494 655 536 tempus
684 486 874 536 l'efignatae
910 486 1083 535 fuerant,
1111 484 1416 537 haudquaquam

136 548 341 587 constantis
366 549 405 586 in
429 547 610 587 societate
634 548 723 587 fidei
746 547 819 586 effe
841 548 1036 598 cognovit.

187 608 250 648 IV.
280 609 417 648 Castris
438 610 579 648 deinde
595 610 709 648 motis
723 639 734 657 ,
759 609 807 647 ad
824 608 931 648 Isarae
948 608 1204 658 Rhodanique
1223 608 1420 647 confluen-

132 675 190 708 tes
219 682 306 709 cum
334 671 584 721 pervenisset,
606 671 812 720 locumque
839 670 979 710 stativis
1002 671 1186 709 idoneum
1205 671 1417 719 judicaret3

134 731 337 782 diligenter
381 733 695 772 circummunivit
725 746 840 781 eum,
873 746 1086 783 magnaque
1129 740 1419 772 commeatuum

134 795 248 844 copia
269 794 453 844 replevit,
471 807 518 832 ne
539 807 663 833 rerum
679 795 779 832 forte
794 793 1086 834 necessariarum
1107 794 1265 844 penuria
1286 801 1419 832 contra

135 856 387 894 commodum
416 855 526 893 suum
552 867 722 905 pugnare
756 862 966 904 cogeretur.
1013 855 1132 904 Quod
1171 855 1275 893 enim
1302 853 1418 893 multi

131 919 340 967 magnique
364 917 410 956 ab
434 916 493 956 his
523 916 676 967 populis
696 916 881 954 exercitus
909 915 987 954 caesi
1009 915 1186 963 fuerant,
1211 929 1287 954 non
1314 916 1417 966 prius

133 979 300 1018 audebat
331 980 369 1017 in
404 979 524 1018 aciem
553 978 805 1025 descendere,
840 991 953 1028 quam
984 977 1231 1016 confirmatos
1263 977 1418 1016 suorum

135 1042 284 1080 animos
298 1072 309 1090 ,
331 1041 567 1080 assuetudine
583 1041 740 1079 videndi
764 1040 1022 1091 audiendique
1040 1039 1228 1080 terribiles
1249 1039 1417 1079 hostium

134 1102 263 1143 vultus
293 1102 541 1153 strepitusque
557 1133 569 1150 ,
593 1101 832 1153 intelligeret.

189 1165 233 1206 V.
268 1165 416 1207 Interea
442 1164 537 1203 nihil
572 1164 829 1214 praetermittit
861 1163 1018 1203 summae
1048 1161 1278 1214 diligentiae:
1317 1160 1419 1201 mili-

139 1233 217 1264 tem
249 1225 419 1275 alloquio
452 1226 587 1275 erigit,
625 1233 779 1262 exercet
812 1225 951 1271 armis,
985 1225 1096 1263 durat
1132 1237 1270 1273 opere3
1309 1221 1418 1261 simul

137 1285 375 1326 subvedtioni
398 1294 685 1324 commeatuum
715 1285 915 1324 consulens
931 1317 941 1334 ,
959 1299 1072 1336 quam
1100 1285 1175 1324 late
1201 1286 1417 1325 circumsta-

139 1360 259 1397 gnans
284 1347 462 1388 Rhodani
485 1347 621 1386 ostium
637 1377 648 1394 ,
674 1346 824 1396 repletis
850 1360 962 1386 arena
986 1345 1141 1397 altoque
1165 1346 1257 1386 limo
1286 1347 1417 1386 aestua-

137 1409 201 1448 riis
224 1409 455 1452 morabatur.
484 1408 635 1449 Idcirco
657 1409 803 1448 Marius
823 1410 1018 1459 egregium
1043 1407 1199 1446 molitus
1221 1420 1342 1458 opus,
1365 1407 1415 1447 ab

136 1471 246 1510 alveo
271 1472 441 1510 fluminis
468 1470 515 1509 ad
542 1483 667 1518 mare,
700 1483 772 1520 qua
810 1470 896 1509 situs
926 1470 1197 1519 commodior,
1234 1482 1308 1509 nec
1334 1478 1414 1511 tam

134 1541 316 1572 vexatum
355 1532 441 1573 aestu
478 1531 570 1571 litus
603 1540 703 1580 erat,
741 1532 887 1582 ingenti
924 1532 1016 1571 fossa
1046 1533 1186 1580 dueta,
1228 1533 1415 1582 majorem

137 1593 317 1633 Rhodani
350 1602 493 1643 partem
522 1592 703 1641 immifit,
736 1593 849 1632 etiam
879 1593 1084 1643 grandibus
1111 1593 1276 1632 ferendis
1309 1593 1413 1632 navi-

137 1654 209 1694 bus
233 1654 352 1694 habili
379 1655 500 1695 alveo.
531 1655 605 1695 Sed
628 1656 707 1704 jam
730 1654 997 1702 Cimbrorum,
1021 1655 1313 1705 Tigurinorum,
1336 1654 1415 1694 Tu-

137 1730 350 1767 genorum,
382 1718 670 1764 Teutonorum,
706 1717 1019 1768 Ambronumque
1048 1716 1232 1756 immensa
1262 1717 1415 1767 agmina

138 1780 325 1827 aderant,
364 1788 512 1818 mutato
547 1779 672 1829 priore
700 1778 858 1817 confilio
889 1780 1027 1828 junftis
1053 1779 1195 1819 viribus
1224 1779 1415 1818 inceden-

137 1839 260 1886 tium,
285 1839 404 1879 trucia
422 1839 501 1879 visu
524 1852 703 1889 corpora,
726 1838 904 1878 horrendi
925 1840 1125 1888 fremitus,
1142 1839 1273 1879 onmia
1296 1839 1414 1878 etiam

139 1903 268 1952 peritis
294 1901 384 1941 alias
413 1901 557 1941 militiae
586 1915 684 1941 nova
711 1904 745 1941 &
770 1904 926 1942 atrocia.

192 1966 257 2005 vI.
285 1967 368 2006 Nec
392 1966 559 2005 faciebat
575 1967 777 2016 ‘pugnandi
800 1967 1024 2016 potestatem
1041 1966 1210 2014 Marius,
1225 1966 1310 2014 sed,
1329 1978 1414 2005 eva-

139 2026 240 2066 statis
265 2028 365 2067 eirca
393 2028 600 2077 omnibus,
629 2029 744 2067 etiam
770 2029 819 2068 ad
845 2028 923 2079 ipsa
956 2030 1071 2067 castra
1101 2028 1277 2066 ferociter
1303 2026 1414 2066 assul-

138 2095 243 2127 tante
267 2089 393 2139 hoste,
420 2099 548 2130 tamen
578 2092 797 2130 continebat
822 2090 930 2130 suos:
968 2090 1242 2130 tantummodo
1268 2102 1334 2139 per
1358 2089 1414 2128 vi-

140 2164 203 2191 ces
230 2153 403 2192 mittebat
434 2155 473 2193 in
496 2154 664 2202 vallum,
697 2163 739 2193 ut
770 2168 835 2194 eos
858 2154 1060 2193 oculorum
1084 2154 1309 2201 auriumque
1334 2161 1416 2190 ter-

139 2227 244 2253 rores
266 2215 343 2264 pati
371 2215 579 2256 discerent:
605 2229 742 2267 gnarus
758 2216 952 2265 ,insuetos
971 2215 1107 2255 horum
1123 2245 1134 2262 ,
1160 2214 1184 2252 sl
1209 2213 1332 2252 subito
1358 2213 1415 2252 of-

138 2276 376 2324 fundantur,
401 2276 609 2327 plurimum
635 2277 813 2328 percelli3
845 2279 980 2318 eadem
1003 2278 1105 2329 apud
1130 2284 1308 2327 expertos
1331 2274 1415 2315 usu-

139 2434 159 2469 ς
187 2392 208 2433 5
237 2391 281 2469 Vi
312 2391 474 2468 gompon.
502 2392 595 2429 Mela
614 2404 633 2426 2
649 2418 659 2434 ,
693 2405 724 2435 5.
750 2393 860 2428 Strab-
885 2395 908 2429 1.
943 2404 995 2434 15.
1020 2392 1111 2427 Pin.
1136 2391 1239 2426 Oros.
1262 2391 1414 2436 Polym.

164 2444 242 2469 erat.
285 2459 293 2469 .
341 2460 352 2469 .
