1632 2641
253 123 344 184 418
414 122 509 169 JO.
553 120 1052 166 FRElNSHEMII
1099 122 1453 172 SUPPLEM.

253 231 468 270 videbatur.
501 229 677 278 adeoque
706 229 746 268 C.
772 227 923 267 Flavius
941 228 1044 267 Pufio
1060 259 1070 277 ‚
1097 229 1164 269 Cn.
1182 230 1348 272 Titinius
1365 263 1375 280 ,
1394 233 1434 272 C.
1452 233 1545 273 Mae.

253 305 391 340 cenas,
418 291 607 341 principes
638 290 814 340 equestris
845 290 1016 335 ordinis,
1042 292 1187 330 curiam
1220 291 1278 331 his
1307 293 1454 344 legibus
1482 295 1548 334 in-

252 355 361 405 gredi
392 364 523 404 aperte
550 352 779 392 recusarunt.
826 353 873 392 Et
899 352 1137 392 accedebant
1171 353 1253 394 aliae
1285 355 1544 407 suspiciones,

252 415 331 453 hoc
355 415 413 464 agi
430 446 439 462 ,
465 423 508 454 ut
535 427 652 465 penes
678 414 799 454 solum
819 413 1016 462 senatum,
1042 415 1201 455 exclusis
1228 419 1386 467 posthac
1412 421 1548 470 equiti..

252 476 351 523 bus,
375 477 521 526 judicia
553 476 689 515 forent.
714 476 837 515 Etiam
868 474 1064 514 difficilem
1093 476 1322 517 eleetionem
1348 479 1544 531 faciebat,

251 539 452 590 praeteritis
474 539 727 588 ignominiam
742 568 752 584 ,
769 536 926 575 delectis
946 537 1131 576 invidiam
1153 539 1310 579 allatura
1335 541 1541 582 aemulatio.

307 602 440 642 XXII.
470 602 604 651 Neque
633 602 758 640 Patres
779 599 967 650 patienter
996 599 1192 647 ferebant,
1219 611 1325 641 tanto
1348 603 1456 642 simul
1475 617 1549 643 nu-

253 678 361 705 mero
390 667 566 716 cooptari
593 665 630 702 in
652 663 924 714 amplissimum
945 664 1121 702 ordinem
1148 667 1307 715 equites.
1331 683 1426 719 quem
1449 670 1547 707 dein-

250 731 292 767 de
319 727 517 780 consensum
537 728 673 781 sperari
697 727 813 780 poffe,
835 727 979 779 antiquo
999 728 1150 780 senatu,
1182 743 1258 779 quae
1286 730 1544 769 communicata

250 806 328 829 cum
352 790 458 828 novis
489 789 685 826 hominibus
710 788 836 840 effim,
855 803 920 841 pro
949 789 1077 838 amffs
1104 801 1167 826 aut
1189 791 1373 828 maculatis
1399 793 1544 830 habitu-

251 869 314 891 ro:
344 853 400 890 lzis
434 865 503 889 non
531 851 724 902 quietatis,
756 852 865 889 donec
897 851 990 888 omni
1017 851 1201 902 antiquato
1225 852 1446 903 discrimine,
1475 868 1545 905 par

248 917 410 967 dignitas
435 913 584 966 utrisque
608 911 802 964 constieiffet
818 913 839 949 Ρ
865 910 952 950 Hoc
976 909 1109 948 habitu
1132 911 1372 959 animorum,
1403 913 1545 954 discor-

252 977 321 1014 des
361 975 458 1014 inter
496 975 531 1013 se
561 974 736 1019 ordines,
762 973 802 1011 in
830 986 906 1011 uno
936 972 1255 1021 consentiebant,
1285 983 1327 1013 ut
1354 988 1401 1014 ex
1433 990 1542 1028 aequo

251 1037 418 1078 Drusum
458 1037 653 1076 odiffent:
689 1034 875 1085 quidquid
906 1035 1098 1084 ingratum
1137 1044 1204 1073 aut
1235 1035 1436 1075 molestum
1465 1038 1562 1076 cui-‘

252 1112 366 1149 quam
391 1098 616 1146 accidebat,
642 1097 699 1135 illi
727 1097 873 1135 auclori
898 1096 1155 1146 imputantes,
1181 1109 1269 1135 eum
1296 1109 1401 1147 grata
1429 1100 1462 1138 δι
1482 1113 1545 1138 νο-

252 1160 371 1199 lentia
397 1161 505 1199 taciti
533 1159 866 1209 ampleeterentur.
901 1159 976 1197 Prae
998 1160 1130 1197 ceteris
1153 1172 1284 1209 graves
1311 1161 1544 1201 adversarios

255 1223 354 1261 duos
384 1220 520 1260 habuit
549 1222 600 1270 Q
622 1220 827 1259 Servilium
855 1220 1077 1271 Caepionem
1092 1251 1104 1271 ,
1130 1223 1166 1261 ὁὶ
1184 1222 1225 1262 L.
1242 1223 1437 1264 Marcium
1459 1224 1544 1265 Phi-

251 1284 403 1334 lippum
434 1292 527 1321 tunc
552 1281 761 1321 consulem.

307 1345 462 1385 XXIII.
493 1346 562 1384 Pro
594 1345 785 1395 equitibus
816 1345 966 1395 Caepio,
986 1359 1054 1396 pro
1075 1344 1206 1385 senatu
1234 1346 1391 1395 consul,
1420 1349 1543 1388 infen-

252 1408 300 1448 fis
329 1409 368 1446 in
395 1407 596 1447 tribunum
623 1407 759 1446 animis
788 1406 906 1446 ibant.
947 1407 1127 1448 Simultas
1154 1421 1241 1447 cum
1268 1410 1449 1461 Caepione
1466 1413 1541 1462 pri-

252 1471 349 1510 vatis
377 1481 459 1509 orta
486 1471 603 1510 causis
623 1469 827 1508 violentior
853 1480 932 1509 erat
957 1483 966 1510 :
996 1472 1327 1521 quemadmodum
1350 1472 1454 1512 nulla
1483 1473 1540 1512 so-

255 1533 339 1572 lent
359 1533 550 1572 infestiora
576 1532 649 1571 esse
672 1533 783 1578 odia,
810 1546 923 1582 quam
943 1545 1025 1583 quae
1049 1547 1097 1573 ex
1123 1547 1259 1584 magna
1281 1535 1540 1576 familiaritate

254 1607 470 1647 coeperunt.
509 1599 556 1636 At
582 1597 720 1635 horum
752 1605 829 1635 tam
858 1597 995 1635 intima
1024 1596 1229 1646 aliquando
1256 1599 1425 1638 amicitia
1450 1600 1540 1640 fue-

252 1671 342 1708 rat,
374 1671 416 1699 ut
440 1661 538 1699 inter
564 1660 601 1698 se
628 1660 873 1698 matrimonia
903 1668 1172 1710 permutarent.
1207 1674 1288 1711 quae
1314 1675 1370 1700 res
1395 1661 1442 1700 ab
1469 1661 1538 1701 ho.

236 1724 396 1762 ‘nestate
413 1754 423 1770 ,
447 1725 561 1772 quam
591 1720 760 1760 moribus
786 1721 992 1769 Romanis,
1015 1722 1218 1769 remotior,
1247 1724 1365 1773 magis
1393 1722 1538 1762 solven-

253 1787 311 1825 dae
344 1788 554 1835 juvenum,
587 1799 701 1835 quam
730 1785 1004 1834 adstringendae
1036 1785 1253 1824 concordiae
1280 1786 1365 1825 fuit.
1404 1787 1537 1836 Itaque

253 1861 370 1895 mox,
395 1861 530 1898 parum
556 1848 669 1897 digna
699 1848 907 1885 accedente
937 1846 1071 1893 causa,
1097 1847 1278 1895 difliluit,
1301 1860 1389 1886 cum
1410 1861 1538 1887 annu-

251 1908 334 1948 lum
363 1909 461 1947 forte
491 1909 528 1946 in
553 1909 729 1947 autsslione
758 1908 958 1957 venalem,
986 1908 1127 1947 insanis
1151 1910 1283 1949 studiis
1308 1909 1416 1948 fimul
1446 1909 1538 1949 lici-

251 1981 435 2013 tarentur.
476 1973 544 2011 Par
572 1974 722 2022 utrique
744 1974 933 2023 dignitas,
958 1987 1065 2023 pares
1093 1973 1230 2020 animi,
1252 1973 1429 2023 potentiae
1454 1972 1537 2023 glo-

250 2037 392 2084 xiaeque
419 2035 522 2074 idem
548 2035 741 2076 studium:
773 2038 807 2074 St
837 2045 980 2085 quanto
1010 2050 1146 2087 genere
1175 2035 1388 2085 divitiisque
1420 2038 1455 2075 8(
1484 2036 1536 2074 li-

249 2097 451 2139 beralitate
480 2098 620 2138 Drusus
656 2100 933 2151 antecedebat,
967 2108 1073 2138 tanto
1105 2099 1190 2150 plus
1221 2098 1387 2137 audaciae
1415 2099 1536 2140 confi-

252 2161 469 2210 dentiaeque
498 2161 695 2211 Caepioni‚
722 2163 755 2200 ἃ
778 2161 816 2200 in
840 2175 954 2212 prava
976 2162 1144 2201 facinora
1172 2161 1390 2199 calliditatis
1416 2169 1507 2201 erat.

304 2222 454 2263 XXIV.
487 2223 564 2263 Sed
591 2223 692 2274 prior
715 2224 842 2274 Caepio
857 2255 868 2273 ‚
890 2226 1038 2275 impetu
1062 2225 1102 2263 in
1121 2224 1293 2264 senatum
1324 2223 1450 2274 fac'to,
1472 2226 1530 2267 M.

299 2362 320 2389 G
344 2360 434 2394 XXI.
459 2361 606 2405 Appiam.
631 2361 754 2394 Αῑιξὶοι·
772 2361 810 2394 de
827 2360 900 2393 Vir.
917 2361 964 2394 511.
980 2374 1007 2394 c.
1031 2362 1085 2395 66.
1112 2364 1183 2395 Cic.
1201 2375 1262 2407 pro
1278 2363 1414 2396 cluent.
1430 2374 1459 2395 c.
1479 2360 1535 2401 56.

254 2405 466 2496 §llffngL
452 2407 522 2440 Cic.
539 2407 682 2440 mssrut.
705 2419 733 2440 c.
750 2406 804 2448 65.
821 2406 911 2440 Flor.
930 2407 1072 2443 Diodor.
1092 2419 1145 2452 ap.
1168 2408 1281 2444 Vales.
1300 2408 1409 2442 strab.
1432 2408 1455 2441 l.
1476 2418 1531 2440 ιι.

422 2477 429 2492 j
452 2463 483 2486 ι)
