1632 2641
281 119 363 165 IN
412 115 759 163 LOC.L1B.
806 116 910 161 LIV
961 114 1112 161 LIV.
1301 127 1349 176 15

73 225 212 263 fultum
248 237 326 262 non
362 225 524 262 serentes
544 251 555 269 ,
584 221 788 260 confertim
820 221 1068 259 munimentis
1093 226 1358 270 proruperunt.

128 287 314 326 XXVIII.
353 286 409 325 lbi
436 283 753 333 consurgentibus
780 283 921 321 insidiis
949 281 1224 330 circumventi,
1245 280 1361 332 pluri-

73 361 156 387 mos
182 347 345 386 militum
360 378 369 395 ,
390 349 423 386 8<
441 346 625 396 quosdam
656 346 829 395 egregios
851 344 1048 394 clarosque
1069 344 1170 383 viros
1192 343 1362 383 amisere.

72 423 197 459 neque
214 409 277 446 hic
301 409 400 446 stetit
425 409 638 455 damnum3
660 406 724 445 sed
749 407 863 455 etiam
894 415 1154 444 commeatum
1172 405 1362 446 advehen-

73 473 178 511 tibus
200 472 351 511 obviam
372 471 536 521 profeGfi
561 469 704 518 hostes,
725 482 902 519 magnam
929 482 1062 507 eorum
1090 477 1237 518 partem
1261 467 1362 506 occi-

74 533 225 570 derunt.
259 533 331 571 His
359 530 617 570 incommodis
648 530 828 580 depulsus
858 530 1030 568 instituto
1062 529 1363 578 Pompejus‚re-

74 594 221 644 liquam
247 592 413 630 hiemem
450 591 518 630 sub
548 591 656 630 tectis
697 604 806 642 agere
841 590 1034 635 decrevit,
1063 589 1266 628 distributis
1293 600 1361 638 per

75 656 221 704 oppida
248 653 473 692 cohortibus
490 683 500 699 ,
528 664 691 701 curaque
716 653 948 702 praediorum
972 651 1069 689 inter
1094 650 1264 700 legatos,
1295 651 1361 699 qui

73 715 196 754 Roma
222 722 433 762 venerunt,
455 713 582 752 divisa.
625 714 744 762 Quod
769 720 895 751 autem
921 711 971 751 ob
995 723 1074 748 rem
1100 709 1200 748 male
1222 710 1364 760 gestam

74 776 324 815 successorem
350 784 555 814 venturum
588 774 764 819 rebatur,
790 786 940 822 unaque
965 772 1157 820 judicium
1184 774 1218 810 Sc
1244 783 1365 809 accu-

73 838 213 878 satores
244 838 467 886 metuebat3
499 837 596 875 clam
626 837 675 876 ad
702 837 963 876 Numantinos
991 834 1113 881 milit,
1136 834 1199 882 qui
1228 835 1278 871 ad
1290 849 1364 886 pa-

75 917 144 939 cem
169 903 351 953 petendam
384 912 448 935 eos
474 898 741 944 hortarentur,
766 896 1060 946 oequiffimarum
1087 896 1361 934 conditionum

75 962 140 1011 spe
163 958 318 999 ostensa.
348 960 413 1008 qui
435 960 471 998 ὅ(
493 959 557 1008 ipsi
573 989 583 1007 ,
604 971 823 1009 quanquam
849 957 1041 997 debellare
1064 958 1290 1007 Pompejum
1309 957 1364 996 fa-

73 1021 146 1060 cile
172 1021 387 1068 videretur,
409 1027 539 1059 tamen
565 1019 706 1059 multos
728 1019 822 1058 alios
854 1020 970 1058 duces
995 1018 1255 1069 exercitusque
1277 1019 1361 1058 Ros

73 1081 195 1119 manis
215 1080 401 1131 superesse
423 1089 640 1131 reputantes
656 1111 666 1129 ,
690 1080 737 1119 ad
759 1080 840 1119 haec
865 1079 967 1119 bello
992 1080 1098 1127 feffi,
1121 1080 1251 1119 multis
1276 1080 1362 1119 for-

74 1142 222 1181 tissimis
253 1143 401 1183 civibus
423 1144 585 1191 amisus,
617 1145 653 1182 ἃ
681 1143 729 1181 ad
761 1155 943 1192 magnam
969 1155 1130 1181 annona:
1159 1141 1361 1182 difficulta-

73 1210 154 1241 tem
169 1204 311 1243 reda&
328 1234 338 1252 ‚
364 1205 467 1255 quod
493 1217 580 1253 ager
604 1212 682 1243 tam
707 1204 772 1243 diu
794 1204 867 1243 coli
884 1217 963 1242 non
981 1212 1179 1254 potuerat,
1196 1205 1363 1254 cupide,

73 1265 179 1313 quod
203 1263 456 1313 offerebatur,
480 1277 672 1315 accepere.
711 1265 831 1304 Missis
866 1265 1004 1304 deinde
1029 1265 1160 1315 legatis
1181 1267 1269 1304 cum
1290 1278 1360 1316 pro

75 1326 263 1364 concione
287 1326 418 1364 Consul
443 1326 690 1376 respondisset
706 1356 715 1373 ,
734 1342 802 1363 71on
823 1327 898 1364 alia
914 1328 955 1378 fi
982 1327 1091 1378 digna
1111 1325 1280 1379 majestate
1294 1343 1360 1379 po-

72 1386 152 1437 puli
181 1386 334 1424 Romani
351 1386 485 1437 foedera
517 1387 629 1439 noſje,
656 1401 757 1438 quam
788 1398 825 1424 ut
851 1388 887 1424 in
912 1386 975 1439 jus
995 1388 1259 1439 potestatemque
1284 1388 1358 1438 ejus

74 1447 254 1499 fefitaque
278 1447 395 1484 omnia
411 1449 624 1486 Numantini
640 1449 789 1486 dedant:
814 1446 954 1486 secreto
971 1460 1057 1486 cum
1083 1448 1252 1498 ils,quid
1267 1448 1359 1487 effet

76 1510 245 1557 neturus,
263 1509 490 1559 composuit.
520 1511 677 1550 Summa
706 1508 887 1559 colloquii
909 1522 989 1559 quae
1017 1509 1158 1557 fuerit,
1185 1523 1247 1548 resv
1269 1510 1358 1560 ipsae

75 1569 254 1609 docuere.
289 1570 460 1619 captivos
483 1570 734 1622 perfugasque
756 1571 956 1610 reddidere
983 1571 1229 1619 Numantini,
1248 1571 1356 1611 mise-

75 1638 241 1680 runtque
266 1631 426 1671 obfides.

148 1699 301 1739 XXIX.
334 1700 443 1740 Paua
477 1708 583 1740 erant
609 1703 644 1741 ἅ
673 1691 813 1740 talenta
844 1700 1000 1749 triginta
1027 1700 1181 1749 argenti.
1224 1713 1357 1740 eorum

76 1759 336 1810 repraesentata
361 1774 445 1811 pars
469 1763 539 1811 est;
564 1763 678 1814 partis
704 1764 744 1801 in
768 1763 868 1802 diem
891 1761 1006 1801 dilata
1032 1761 1179 1802 solutio,
1208 1761 1355 1801 Interea

74 1820 260 1860 successor
280 1821 466 1874 Pompejo
492 1824 548 1864 M.
570 1824 751 1875 Popillius
774 1825 903 1864 Laenas
931 1823 1037 1862 venit
1052 1854 1062 1871 ‚
1086 1823 1149 1872 qui
1173 1833 1259 1860 cum
1287 1822 1355 1861 Cn.

76 1882 286 1933 Calpurnio
312 1884 443 1923 Pisone
463 1884 702 1924 consulatum
725 1894 933 1936 acceperat.
962 1885 1018 1924 lbi
1035 1886 1260 1934 pompejus,
1278 1897 1356 1923 me-

31 1961 36 1963 ·
76 1954 117 1983 tu
142 1945 231 1984 belli
254 1947 332 1995 jam
351 1946 566 1994 exsolutus,
591 1960 679 1985 cum
702 1946 884 1997 reliquam
902 1945 1126 1986 Numantini
1152 1945 1351 1995 pecuniam

77 2005 279 2053 offerrent,
296 2014 428 2057 negat,
442 2007 511 2058 fibi
532 2008 716 2059 quidquam
729 2009 769 2044 de
785 2021 871 2059 pace
886 2019 1100 2044 conventum.
1126 2005 1209 2055 ipsis
1224 2014 1355 2043 contra

77 2063 178 2103 Deos
193 2065 442 2114 hominesque
457 2096 467 2112 ,
482 2078 570 2104 nam
589 2065 778 2104 senatores
803 2065 957 2114 quidam
973 2095 983 2112 ,
1001 2064 1249 2113 equitumque
1265 2076 1354 2112 prze-

77 2125 246 2172 feeti,ac
273 2126 413 2166 tribuni
430 2127 601 2166 militum
628 2129 784 2178 negotio
810 2126 1088 2174 interfuerant,
1114 2126 1222 2164 testes
1243 2126 1356 2163 invo-

79 2184 274 2225 cantibus:
312 2186 442 2224 consul
478 2189 623 2226 Romam
656 2203 713 2226 eos
749 2189 796 2225 ire
824 2187 950 2236 juffit,
988 2201 1100 2225 comm
1119 2188 1247 2239 senatu
1278 2200 1355 2224 cum

78 2245 243 2298 Pompejo
265 2247 524 2300 disceptaturos.
562 2248 662 2299 ipse,
692 2249 779 2299 quia
806 2249 970 2288 induciae
996 2259 1084 2286 cum
1107 2247 1353 2286 Numantinis

77 2307 310 2354 manebant,
338 2309 461 2347 donec
495 2309 644 2349 senatus
677 2311 725 2349 de
756 2310 988 2360 Pompejana
1024 2320 1117 2359 pace
1150 2306 1352 2355 statuisset,

100 2413 124 2455 S
138 2413 275 2449 XXVII.
291 2414 390 2448 Oros.
406 2426 434 2456 ς,
444 2427 476 2455 4.
490 2415 635 2459 Appian.
648 2417 667 2461 §
682 2416 835 2453 XXVIII.
848 2417 989 2462 Eutrop.
1001 2417 1087 2451 Flor¹
1098 2428 1129 2458 2,
1142 2416 1192 2450 18.
1203 2414 1349 2459 Appian-
