1632 2641
291 145 369 193 [Ν
417 145 584 191 Loc.
629 129 765 190 ΜΒ.
811 144 942 190 LXX
998 145 1131 190 mv,
1302 143 1397 207 387

110 265 198 302 nem
218 253 429 303 putabant,
454 252 557 302 quod
577 264 622 289 ex
642 249 850 300 Apulejaua
873 249 1055 289 seditione
1078 263 1215 301 magna
1236 250 1271 290 se
1286 250 1390 302 apud

107 314 278 353 senatum
306 315 445 364 pariter
472 312 737 364 populumque
761 312 903 350 invidia
931 312 1102 352 laborare
1129 313 1294 352 sentiret.

164 377 251 416 XV.
282 377 322 416 L.
347 376 516 415 Valerius
545 376 586 416 L.
616 375 657 414 F.
686 375 727 414 L.
751 376 799 415 N.
822 374 1008 423 flaccus,
1036 375 1094 414 M.
1129 377 1312 415 Antonius
1348 377 1394 417 C.

112 437 155 479 F.
186 439 241 478 M.
273 440 323 478 Ν.
356 439 482 477 creati.
511 438 556 477 T.
586 438 721 477 Didius
757 436 886 476 consul
927 437 966 475 in
1000 437 1181 487 Hispania
1221 439 1395 478 citeriore

111 510 247 540 contra
281 501 443 540 rebelles
470 501 578 550 fignis
608 499 756 538 collatis
792 498 955 537 feliciter
992 499 1204 538 dimicavit.
1251 499 1399 538 eidem-

113 575 188 613 que
216 576 330 613 proro
361 573 420 602 ata
444 563 482 600 in
510 575 652 601 annum
672 562 890 611 sequentem
915 560 1111 611 provincia
1134 561 1208 609 est,
1233 575 1309 612 quo
1326 562 1397 604 Cn.

115 624 314 663 Cornelius
335 577 552 673 lentulus,
590 625 626 664 P.
658 624 824 664 Licinius
851 623 996 662 Craffus
1027 622 1202 663 consules
1233 626 1400 667 fuerunt.

115 686 195 724 His
219 686 419 738 consulibus
443 688 528 724 armi
548 688 666 739 magni
683 687 928 737 conversionem
952 701 1026 724 cum
1044 686 1215 737 phaenicis
1240 689 1322 724 avis
1342 689 1397 726 νὶ-

116 755 155 783 ta
182 746 254 799 (fic
275 749 362 786 enim
381 748 519 800 fhlere)
545 746 725 788 Manilius
752 746 902 785 senator
922 746 1057 797 flzc'lam
1083 747 1280 797 prodidit,
1303 750 1396 789 circa

75 839 79 841 -
116 810 309 857 meridiem,
337 825 403 862 quo
428 811 484 847 die
498 811 636 861 signum
658 810 794 848 Arietis
816 809 877 860 saal
900 809 1095 848 intraverit.
1122 810 1208 848 Hoc
1237 811 1397 852 demum

118 883 221 908 anno
247 870 614 909 senatusconsultum
642 871 785 910 fac‘tum
814 870 889 917 est,
912 885 953 907 ne
979 872 1077 908 homo
1099 871 1340 914 immolaretur.
1363 877 1401 914 Sc

118 945 167 970 ex
197 945 241 970 eo
267 932 377 971 sociis
406 935 547 978 etiam,
574 933 637 982 qui
668 942 746 971 tam
774 931 989 982 prodigiosa
1014 930 1115 970 sicta
1142 932 1400 984 usurpabant,

120 994 165 1032 iis
192 996 449 1034 inteidiCtum.
488 993 531 1033 In
556 994 649 1033 urbe
681 993 937 1044 supplicatum
968 993 1044 1041 est,
1081 995 1184 1042 quod
1212 997 1404 1049 androgy-

121 1068 194 1094 nus
223 1056 398 1093 inventus
427 1064 531 1094 cr:at
570 1054 688 1093 homo
715 1055 754 1092 in
780 1067 882 1093 mare
909 1056 1132 1104 deportatus
1161 1057 1223 1095 est.
1257 1057 1401 1098 Pisauri

123 1131 172 1157 ex
196 1128 292 1156 terra
320 1119 493 1156 fremitus
514 1118 678 1157 auditus.

179 1181 282 1220 XVI.
322 1181 428 1221 Muri
455 1183 583 1232 pinnae
609 1181 683 1220 sme
712 1188 820 1220 terrae
843 1188 951 1220 motu
985 1180 1117 1231 paffim
1146 1182 1326 1233 dejeerae‚
1354 1185 1406 1224 ci.

125 1243 217 1282 viles
247 1243 456 1293 siguificare
487 1243 692 1282 discordias
720 1243 819 1282 visae.
860 1243 1001 1283 Nurfiae
1028 1242 1268 1283 simulacrum
1300 1246 1407 1293 Jovis

127 1306 167 1344 in
193 1314 342 1355 partem
370 1303 549 1342 sinistram
579 1304 814 1343 conversum.
844 1304 1045 1354 Cupreffea
1067 1303 1263 1344 fimulacra
1284 1307 1407 1354 Juno-

128 1367 187 1406 nis
212 1367 367 1415 Reginae
392 1366 512 1415 polita
538 1366 624 1404 sunt
650 1379 715 1416 per
743 1367 905 1417 virgines
933 1374 989 1404 ter
1014 1379 1205 1416 novenas,
1231 1381 1314 1418 quae
1339 1382 1409 1407 ur-

128 1430 217 1470 bem
246 1429 499 1468 lustraverant.
533 1429 740 1468 Conditum
765 1441 785 1467 a
803 1428 1019 1467 censoribus
1045 1427 1201 1468 lustrum
1224 1429 1276 1468 est
1300 1431 1411 1480 quin-

130 1501 213 1531 tum
247 1502 361 1541 atque
401 1490 683 1540 sexagesimum.
723 1490 805 1530 Alia
840 1489 1003 1529 censurae
1043 1493 1126 1530 aeta
1153 1490 1299 1532 latent:
1341 1493 1410 1532 nist

133 1557 237 1606 quod
255 1556 429 1606 princeps
451 1553 599 1592 senatus
620 1553 740 1593 leetus
761 1553 812 1591 est
826 1553 881 1592 M.
897 1552 1071 1593 IEmilius
1085 1554 1271 1603 Scaurus,
1295 1567 1412 1605 quem

137 1620 173 1658 ἃ
201 1617 411 1667 superiores
438 1615 610 1654 censores
638 1615 734 1653 binis
760 1614 879 1653 lustris
909 1614 1097 1665 legerant:
1128 1627 1200 1654 nec
1227 1617 1329 1655 enim
1355 1630 1414 1655 or..

135 1688 222 1720 nata
248 1680 295 1719 ab
328 1680 493 1719 Antonio
523 1678 711 1717 manubiis
739 1678 989 1727 imperatoriis
1016 1678 1149 1717 Rostra
1181 1691 1413 1730 magnopere

137 1743 187 1781 ad
209 1754 286 1780 rem
316 1743 517 1792 pertinent.
539 1742 621 1781 Una
639 1750 767 1780 tamen
783 1753 841 1778 res
865 1740 968 1780 haud
992 1741 1149 1791 indigna
1173 1753 1412 1786 memoratu:

138 1813 267 1844 motus
289 1803 417 1842 senatu
443 1803 500 1843 M.
526 1804 720 1843 Duronius
747 1803 929 1852 traditur,
961 1805 1065 1854 quod
1090 1805 1215 1856 legem
1236 1807 1284 1846 de
1311 1820 1418 1848 coer-

141 1868 272 1907 cendis
294 1868 557 1906 conviviorum
591 1865 778 1906 sumtibus
804 1867 919 1906 latam
952 1868 1126 1907 tribunus
1151 1868 1273 1919 plebis
1299 1870 1417 1910 abro-

144 1937 258 1981 garat.
297 1929 401 1980 isque
425 1930 480 1970 M.
508 1931 717 1969 Antonium
747 1929 794 1968 ab
821 1929 892 1968 hac
913 1930 967 1969 ira
997 1929 1199 1979 postulavit
1224 1931 1390 1971 ambitus
1407 1963 1420 1980 ‚

144 1993 271 2032 faceto
301 1993 349 2032 ad
383 1990 580 2030 censorem
618 1991 747 2031 Helvii
775 1992 938 2032 Manciae
967 1992 1096 2039 dieto,
1130 1992 1324 2044 aliquando
1359 1993 1426 2045 ipsi

138 2058 242 2110 ficum
271 2057 442 2107 negotium
466 2069 564 2107 agere
591 2055 700 2093 licere.

203 2118 326 2158 XVII.
360 2119 508 2158 Eodem
534 2130 636 2156 anno
664 2124 796 2156 contra
822 2116 967 2157 Moesos
992 2114 1287 2166 Dardanosque,
1314 2115 1423 2155 item-

150 2193 225 2231 que
249 2182 288 2219 in
313 2181 489 2220 citeriore
514 2180 722 2231 Hispania,
750 2178 847 2220 bene
868 2179 966 2230 gesta
990 2177 1201 2229 respublica
1221 2177 1284 2216 est.
1316 2177 1422 2216 Prius

198 2322 221 2366 §
251 2322 343 2354 XIV
371 2322 442 2353 Cic.
466 2322 500 2353 in
519 2323 616 2354 Verr.
636 2333 676 2364 ς,
697 2332 726 2364 3.
758 2321 843 2353 Plut.
868 2321 903 2353 in
925 2321 1011 2353 Mar.
1038 2330 1066 2351 c.
1089 2329 1139 2357 51.
1165 2317 1423 2362 §XV.F1·2gm

158 2366 536 2410 (apit01.3111.()bseq.
563 2367 756 2407 Plin.1:>,2
778 2367 810 2398 &
829 2377 886 2408 30,
903 2377 932 2399 1.
960 2364 1046 2396 Plut.
1067 2362 1178 2406 quaest.
1202 2362 1297 2394 Rom.
1319 2375 1348 2395 c
1365 2369 1422 2406 53.

151 2412 293 2489 ῗυΧΥῑ.
317 2412 351 2443 F
352 2423 442 2444 cnm.
475 2411 626 2457 Capitol
658 2412 732 2446 Cic.
754 2411 794 2446 de
822 2414 920 2448 Usar.
949 2421 995 2452 2,
1024 2419 1079 2449 47.
1110 2409 1180 2440 ναὶ.
1211 2407 1305 2441 Max.
1330 2416 1426 2449 2,9.

197 2458 207 2489 1
251 2455 375 2502 Obleq.

1066 2505 1144 2553 Bb
1180 2521 1205 2551 2
