1632 2641
257 151 349 201 394
422 135 515 184 JO.
559 137 1055 191 FREINSHEMII
1096 141 1447 192 SUPPLEM.'

253 241 496 291 sertiffimus‚
526 243 701 285 seditioso
729 259 772 285 ac
808 247 932 286 inutili
967 248 1049 286 cive
1079 249 1116 287 in
1146 251 1340 301 republica
1380 253 1545 292 retinen-s

254 305 334 354 do,
366 308 562 356 praeclaras
603 309 675 348 fori
710 319 807 348 artes
837 312 872 349 &
904 310 1207 360 pulcherrimum
1234 315 1318 353 vitae
1344 316 1464 354 civilis
1488 317 1545 355 in-

251 365 502 407 strumentum
527 368 661 408 misere
689 369 973 410 dehonestabat.
997 372 1076 411 Sub
1100 373 1203 411 idem
1229 385 1380 426 tempus
1399 378 1537 417 decem

250 429 289 467 in
324 430 524 482 Hispanias
551 432 666 483 legati
697 434 810 482 sunt,
844 435 1067 475 ordinandis
1095 440 1326 488 provinciis,
1369 454 1460 490 quas
1489 442 1538 481 T.

248 491 388 533 Didius
404 525 414 542 ,
430 495 465 534 P.
486 496 633 534 Crassus
661 497 907 547 proconsules
937 511 1068 538 recens
1090 514 1329 551 pacaverant.
1370 505 1406 543 P.
1422 503 1540 543 Cralli

249 565 309 591 res
337 555 433 593 adeo
461 555 636 606 sepelivit
671 557 856 606 vetustaS,
892 566 935 596 ut
965 559 1028 598 vix
1057 560 1095 598 in
1120 561 1303 612 Hispania
1330 563 1438 602 fuisse
1472 563 1543 602 sci-

249 629 405 664 remus,
444 619 511 657 nisi
543 619 726 670 triumphi
762 622 843 669 ejus
874 620 1034 659 exstaret
1070 625 1283 673 memoria,
1325 624 1541 674 Straboque

249 679 361 718 nobis
386 681 421 726 P.
449 681 620 729 Crass'um
641 692 808 722 narraret
825 683 873 722 ad
901 683 1143 723 Caffiterides
1168 685 1307 725 insulas
1335 700 1383 725 ex
1405 686 1540 736 Hispa-

248 743 314 781 nia
341 744 540 794 navigasse.

303 805 460 846 XXXI.
500 808 547 848 T.
577 807 682 847 Didii
712 807 908 859 aliquanto
946 809 1144 849 illustriora
1180 811 1279 861 gesta
1318 811 1434 852 sunt:
1471 812 1540 862 qui

247 866 497 908 vaccaeorum
530 869 649 909 millia
673 870 808 921 viginti
841 871 1007 911 occidit:
1039 872 1315 921 Termestinos,
1340 872 1535 921 validam,

247 941 320 968 nec
346 943 515 982 unquam
548 931 637 971 satis
671 941 847 982 pacatam
871 942 1053 982 gentem,
1084 933 1121 971 in
1150 933 1308 984 planum
1344 934 1540 973 deducere

247 991 383 1031 urbem
415 994 568 1043 coegit,
598 996 632 1033 ἂ
660 995 761 1046 cingi
782 994 977 1034 moenibus
999 996 1131 1034 vetuit.
1157 995 1414 1035 Colendenses
1432 1025 1443 1043 ‚
1470 1009 1538 1046 op-

244 1052 340 1101 pido
361 1053 446 1103 post
472 1067 611 1093 novem
637 1056 821 1094 mensium
851 1055 1089 1094 obsidionem
1115 1062 1298 1106 recepto,
1325 1068 1412 1094 cuin
1442 1067 1541 1093 uxo-

244 1113 348 1154 ribus
377 1118 411 1155 Sc
437 1115 564 1155 liberis
580 1118 769 1158 vendidit.
805 1119 897 1158 Haec
919 1118 1052 1156 omnia
1073 1117 1128 1157 vir
1151 1117 1241 1157 belli
1270 1116 1538 1168 peritissiinus‚

246 1191 325 1217 non
354 1180 392 1218 vi
421 1188 568 1220 tantum
604 1194 648 1220 ac
681 1182 818 1229 armis,
856 1180 918 1219 sed
953 1181 1067 1219 etiam
1106 1181 1260 1231 ingenio
1289 1180 1538 1229 veteranique

245 1243 354 1281 ducis
376 1243 584 1283 calliditate
606 1245 780 1295 perfecit.
817 1243 944 1284 Semel
968 1244 1152 1282 acerrimo
1182 1243 1347 1294 proelio,
1375 1256 1463 1282 cum
1485 1243 1534 1282 ad

245 1307 399 1344 noctem
437 1305 579 1356 usque,
615 1306 708 1345 szcut
736 1307 881 1345 incerta
908 1305 1089 1352 vidioria,
1119 1305 1172 1344 ita
1206 1302 1325 1343 multa
1353 1305 1535 1353 utrinque

244 1367 348 1406 caede
375 1376 589 1418 pugnatum
620 1368 737 1416 effet,
780 1367 963 1418 pleraque
998 1366 1151 1405 suorum
1187 1379 1347 1417 corpora
1386 1366 1536 1405 silentio

242 1430 368 1468 densae
387 1432 509 1470 nortis
537 1430 754 1480 sepelienda
779 1431 937 1468 curavit.
968 1429 1147 1469 Postridie
1178 1429 1357 1479 Hispanis
1383 1442 1448 1478 per
1475 1428 1531 1466 in-

244 1493 376 1532 ducias
407 1493 456 1532 ad
483 1492 603 1533 simile
628 1493 795 1532 officium
825 1491 1149 1542 procedentibus,
1175 1495 1265 1543 quia
1288 1492 1410 1532 multo
1438 1505 1531 1541 pau-

243 1557 346 1596 ciora
364 1557 646 1605 Romanorum,
665 1570 780 1606 quam
807 1556 870 1595 sua
897 1556 1084 1595 cadavera
1099 1586 1110 1603 ‚
1131 1555 1356 1601 cernebant,
1382 1554 1532 1593 cecide-

242 1628 330 1659 runt
351 1621 491 1660 animi:
522 1619 839 1670 conditionesque
864 1620 967 1671 pacis
991 1631 1036 1658 ex
1063 1617 1262 1659 voluntate
1287 1617 1530 1668 imperatoris

243 1690 412 1731 acceptae
444 1682 539 1721 sunt.

268 1743 270 1746 ’
294 1743 471 1784 XXXII.
498 1743 728 1792 Pulchrum,
749 1745 782 1782 8<
801 1742 913 1782 bonis
938 1755 1092 1793 quoque
1115 1742 1200 1780 viris
1228 1740 1440 1790 imitabile,
1467 1755 1532 1781 va-

239 1808 476 1846 framentum
511 1806 587 1845 hoc
619 1807 719 1845 fuit:
751 1806 848 1844 illud
877 1806 1039 1844 alterum
1059 1835 1070 1853 ‚
1099 1804 1192 1843 licet
1222 1805 1355 1843 decern
1394 1803 1531 1853 legatis

240 1869 571 1920 approbantibus,
606 1881 802 1918 nunquam
826 1867 1074 1906 laudaverim.
1115 1864 1312 1916 Quosdam
1342 1878 1388 1904 ex
1415 1864 1532 1904 Celti-

237 1932 339 1971 beris
375 1944 566 1971 convenas
607 1931 707 1970 circa
740 1930 955 1970 Colendam
993 1930 1035 1969 C.
1067 1929 1212 1968 Marius
1244 1927 1350 1967 annis
1380 1926 1529 1977 aliquot

239 2004 329 2035 ante
366 1994 574 2033 locaverat,
614 1994 718 2044 iique
758 1994 923 2032 audaces
954 1994 987 2032 ἅ
1017 1992 1125 2042 egeni
1157 2003 1290 2041 pacem
1320 1990 1533 2040 provinciae

240 2056 281 2095 in
298 2056 486 2106 posterum
513 2069 667 2105 quoque
686 2054 873 2094 turbaturi
896 2055 1135 2094 videbantur.
1159 2053 1309 2093 Idcirco
1326 2052 1527 2102 postquam

240 2132 351 2169 agros
378 2118 673 2158 Colendensium
697 2119 798 2172 (hos
823 2119 924 2157 enim
951 2119 997 2159 T.
1020 2117 1152 2158 Didius
1186 2115 1444 2168 promiserat)
1468 2126 1530 2152 ac-

239 2182 388 2231 cepturi
418 2194 506 2220 cum
534 2182 718 2221 uxoribus
756 2184 791 2221 ἃ
816 2180 944 2220 liberis
972 2181 1020 2219 ad
1052 2179 1167 2217 castra
1201 2179 1377 2217 Romana
1405 2175 1528 2214 venis-

239 2243 322 2283 sent
343 2274 354 2291 ‚
384 2243 515 2282 educit
546 2242 686 2281 milites
717 2240 948 2293 proconsul,
982 2240 1185 2289 castrisque
1220 2238 1354 2289 recipit
1390 2237 1528 2276 barba—

237 2317 324 2344 ros:
354 2306 404 2343 fic
425 2305 527 2344 enim
555 2317 757 2344 numerum
783 2305 957 2355 capitum
982 2302 1143 2342 describi
1165 2301 1303 2341 melius
1331 2300 1445 2352 posse.
1475 2299 1524 2338 ab

238 2431 240 2437 '
289 2429 311 2461 Ε
344 2428 451 2461 XXX.
487 2430 559 2462 Cic.
585 2431 624 2463 de
649 2429 753 2462 Offic.
778 2432 799 2463 1.
825 2440 858 2462 2.
890 2429 924 2463 &
957 2441 1019 2474 pro
1051 2429 1197 2461 Muraen.
1232 2440 1262 2461 c.
1294 2438 1346 2470 17.
1380 2425 1530 2472 Appian.

237 2472 337 2518 Hisp.
368 2473 476 2509 Strab.
506 2475 622 2509 Front.
647 2476 749 2509 Strat.
778 2486 820 2517 2,
849 2486 902 2509 10.
926 2475 1002 2510 Val.
1022 2474 1116 2508 Max.
1142 2485 1184 2518 3,
1205 2472 1238 2506 8.
