1632 2641
145 128 220 178 '6
354 123 979 176 JO.FRE1NSHEMII
1020 121 1380 168 SUPPLEM.

194 236 451 287 rogabantur:
481 232 534 272 ibi
558 231 688 281 Scipio
704 261 714 278 ,
738 230 854 282 satis,
875 229 1025 278 inquit,
1055 230 1150 266 botzae
1174 242 1216 265 ac
1235 240 1365 279 magnae
1382 227 1482 280 sunt,

193 303 313 353 itaque
332 297 476 353 precor,
494 309 532 334 ut
562 297 675 333 eodem
695 294 733 331 in
749 294 846 346 flatu
874 303 1038 345 perpetuo
1064 291 1212 341 servent.
1239 297 1349 338 atque
1377 289 1486 340 proti-

195 376 263 399 nus
292 362 342 399 ad
369 362 459 397 hanc
482 357 673 410 formulam
695 354 866 393 emendari
890 354 927 391 in
950 352 1082 391 tabulis
1106 365 1241 389 carmen
1264 349 1390 399 juffit:
1422 361 1486 387 ne-

195 436 269 473 que
296 421 432 472 posteri
463 428 668 458 mutavere.

248 492 317 532 IX.
353 489 529 531 Censurae
555 487 718 539 publicae
746 499 823 526 non
846 485 971 523 rninus
989 483 1114 522 severe
1135 483 1298 532 patriam
1324 479 1487 532 potesta-

194 561 275 594 tem
298 554 504 592 exercitam
533 554 551 601 <⁷
564 563 651 588 nam
679 552 713 588 Sc
743 546 981 597 temporibus
1010 544 1090 583 haec
1116 545 1323 592 conjuncta
1351 540 1489 594 fuere)

198 614 414 664 subjiciam.
454 612 719 653 Macedonum
750 609 862 658 legati
899 609 945 646 de
970 607 1013 646 D.
1039 607 1156 654 junio
1189 603 1318 645 Silano
1351 615 1490 653 quere-

200 676 342 716 bantur
356 705 367 723 ,
393 675 485 726 quod
498 704 509 721 ,
522 688 596 711 cum
610 672 770 724 praetorio
799 671 938 723 imperio
956 669 1208 706 stdacedoniam
1234 668 1418 712 obtineret,
1431 679 1491 717 pe-

198 740 317 779 cuniis
345 738 495 790 acceptis
520 736 737 789 provinciam
759 731 952 786 spolfaffet.
983 730 1076 769 Eam
1107 728 1371 779 cognitionem
1401 738 1490 764 cuxn

199 800 391 850 suscipere
407 798 556 837 senatus
576 795 691 835 vellet
704 827 715 844 ‚
731 795 776 835 T.
791 792 963 834 Manlius
975 791 1192 841 Torquatus
1207 820 1217 836 ‚
1237 787 1353 828 Silani
1370 796 1491 837 pater,

179 860 451 912 impetravit,
485 872 534 897 ne
561 858 653 908 quid
678 870 723 895 eo
754 857 791 894 in
824 854 978 904 negotio
1012 852 1328 896 constitueretur,
1363 847 1491 898 prius-

202 935 318 972 quam
342 921 421 972 ipse
451 920 603 959 caulam
628 917 872 968 cognovisset.
905 916 948 954 ld
976 915 1054 952 viro
1087 913 1245 951 summae
1271 909 1491 960 dignitatis,

203 983 406 1034 omnisque
422 982 567 1034 publici
584 994 628 1020 ac
650 981 787 1031 privati
814 979 904 1028 juris
926 975 1153 1028 peritiffimo
1168 1005 1178 1023 ,
1201 974 1378 1013 lubenter
1402 985 1493 1011 con-

203 1043 362 1082 ceffum.
390 1043 524 1092 Itaque
550 1043 655 1080 domi
684 1040 756 1079 suae
781 1040 1003 1090 cognitione
1028 1038 1196 1076 instituta
1215 1067 1224 1084 ‚
1253 1036 1400 1075 audivit
1425 1046 1494 1073 ac-

204 1104 420 1152 cusatores,
452 1103 598 1143 audivit
623 1102 860 1142 defensiones
887 1102 963 1141 rei:
998 1099 1106 1138 testes
1136 1099 1313 1148 utrinque
1341 1097 1495 1148 produ-

208 1170 291 1207 ctos
314 1166 602 1217 diligentiffime
627 1164 868 1204 examinavit.
904 1163 950 1202 Id
973 1175 1062 1202 cum
1083 1162 1209 1201 triduo
1233 1160 1417 1200 continuo
1442 1159 1496 1198 fe-

208 1227 336 1276 ciffet,
363 1227 475 1266 tertio
501 1228 563 1266 die
577 1227 859 1278 pronuntiavit,
883 1241 972 1264 reum
987 1225 1106 1277 seciſj}
1132 1225 1266 1270 videri,
1294 1224 1328 1263 δ’
1354 1223 1391 1260 in
1417 1237 1497 1260 con-

201 1292 352 1345 spetlum
368 1291 472 1343 suum
509 1291 625 1328 venire
654 1290 787 1328 vetuit.
827 1289 918 1328 Non
954 1287 1041 1326 tulit
1073 1285 1291 1337 ignominiae
1317 1282 1495 1322 dolorem

209 1351 379 1401 juvenis,
404 1350 685 1400 suspendioque
711 1350 833 1388 finivit
861 1349 1000 1386 vitam:
1036 1347 1133 1385 adeo
1160 1344 1264 1383 nulla
1295 1341 1497 1382 commise-

207 1414 359 1452 ratione
393 1413 587 1462 parenffls,
623 1420 664 1450 ut
696 1424 820 1461 neque
852 1409 977 1449 funeri
1014 1407 1229 1453 interefl‘et,
1268 1408 1303 1445 &
1334 1406 1381 1443 de
1413 1407 1498 1454 jure

209 1472 497 1512 consulentibus
525 1473 630 1512 domi
657 1471 790 1511 sedens
807 1501 818 1518 ,
847 1478 889 1508 ut
916 1468 1085 1515 solebat,
1115 1468 1372 1518 responderet.

266 1543 318 1582 X.
350 1543 399 1581 At
423 1543 461 1580 in
487 1542 663 1582 ulteriore
690 1541 874 1591 Hispania
901 1540 949 1589 Q.
977 1538 1114 1578 Fabius
1142 1536 1372 1577 Servilianus
1401 1535 1498 1574 Bac-

214 1605 316 1643 ciam
340 1604 500 1649 urbem,
531 1603 728 1643 oblidione
755 1601 917 1641 Viriathi
942 1600 1139 1639 liberatam
1155 1629 1166 1647 ⁷
1190 1599 1229 1637 in
1257 1597 1496 1637 deditionem

211 1665 375 1715 accepit,
417 1665 611 1705 Accessere
644 1663 767 1703 multa
801 1661 973 1711 casteHa,
1012 1664 1047 1701 δε
1083 1661 1240 1711 quidam
1269 1659 1497 1710 praedonum

215 1730 353 1769 ductor
381 1728 606 1768 Connobas:
643 1727 707 1777 qui
735 1739 822 1765 cum
858 1726 940 1774 ejus
976 1723 1155 1774 potestati
1189 1721 1226 1760 se
1250 1719 1499 1772 permififfet,

212 1792 308 1831 huic
334 1791 400 1830 soli
418 1792 587 1842 pepercit
608 1788 839 1841 proconsu13
867 1788 931 1826 sed
956 1799 1088 1826 eorum
1104 1817 1114 1835 ,
1129 1788 1194 1836 qui
1221 1798 1309 1823 cum
1330 1784 1396 1822 illo
1415 1784 1499 1823 fue-

213 1864 298 1893 rant
324 1857 450 1904 (erant
472 1861 599 1892 autem
627 1865 805 1902 magnam
827 1860 974 1901 partem
999 1849 1203 1899 transfugae
1217 1879 1228 1897 ‚
1252 1847 1316 1897 qui
1335 1859 1381 1885 ex
1401 1847 1498 1896 prae-

165 1924 170 1928 ’
213 1918 314 1957 fidiis
342 1917 524 1956 Romanis
554 1915 603 1954 ad
630 1914 794 1953 latrones
828 1913 863 1952 se
895 1913 1145 1965 receperant)
1174 1912 1325 1951 dextras
1352 1923 1496 1959 ampu-

214 1978 323 2018 tavit.
351 1977 396 2017 Id
429 1990 545 2025 vero,
577 1976 668 2015 licet
695 1975 870 2014 adversus
904 1974 981 2014 tale
1014 1988 1132 2025 genus
1163 1973 1367 2012 hominum
1398 1971 1497 2010 nihil

217 2040 382 2079 nimium
417 2046 482 2078 aut
515 2046 624 2077 atrox
662 2037 847 2085 habetur,
885 2045 1014 2076 tamen
1047 2037 1140 2087 quia¹
1172 2049 1251 2074 non
1284 2044 1364 2073 tam
1395 2033 1499 2072 bello
1538 2058 1551 2071 4

216 2102 342 2151 capti,
372 2113 484 2150 quam
507 2100 546 2138 in
565 2100 682 2138 fidem
709 2099 829 2138 dediti
850 2099 1026 2146 fucrant,
1050 2092 1261 2144 cru‘cieliuffi
1289 2108 1403 2146 quam
1427 2107 1498 2145 pro

219 2162 511 2202 mansuetudine
539 2170 604 2201 aut
632 2159 767 2214 populi
790 2161 982 2206 Romani,
1019 2168 1083 2198 aut
1115 2159 1227 2210 ipsius
1258 2157 1502 2209 imperatoris

267 2303 289 2345 §
313 2302 404 2335 vm.
440 2301 559 2334 Cicero
588 2311 648 2344 pro
677 2299 812 2333 Cluent.
847 2310 875 2330 c.
903 2297 957 2337 48.
984 2297 1059 2329 val.
1082 2296 1176 2328 Max.
1201 2308 1241 2336 4,
1276 2308 1305 2329 1.
1329 2294 1500 2328 Plutarch.

218 2356 483 2443 {gbdnCapitoh
506 2355 584 2391 Livi.
605 2355 694 2400 Epir„
731 2356 753 2398 §
784 2353 841 2388 IX⁰
863 2353 940 2387 Liv.
963 2353 1052 2398 Epic.
1075 2351 1150 2387 Val.
1175 2350 1269 2385 Max.
1290 2360 1334 2391 4,
1352 2349 1384 2384 8.
1428 2348 1502 2382 Cic.
