1632 2641
230 121 321 185 346
394 121 489 170 JO.
530 123 1023 173 FREINSHEMII
1063 127 1415 180 SUPPLEM.·

283 229 398 268 LVII.
423 230 538 282 Atqui
560 231 708 283 adsunt,
725 232 848 281 inquit
860 232 1028 280 Marius,
1052 248 1158 286 neque
1171 234 1265 286 sane
1275 236 1378 274 civile
1391 236 1513 289 sim-t}¹

228 290 472 342 vosfmtribus
486 293 604 342 vestris
620 293 825 345 itzfialutatis
845 294 1023 345 discedere.
1040 296 1089 333 ad
1102 297 1205 345 quod
1220 297 1376 335 verbum
1388 328 1398 345 ,
1417 310 1508 338 Cum

227 349 436 390 introduc‘ti
454 351 721 391 Teutonorum
749 353 868 403 reguli
889 354 1007 394 vincti
1031 355 1170 404 essent,
1186 357 1311 395 omnis
1327 357 1374 396 de
1391 356 1511 395 fortu-

224 424 274 450 na
302 425 433 452 eorum
462 422 614 453 exemta
639 415 831 454 dubitatio
855 416 931 464 est;
950 417 1197 467 Cimbrique,
1219 417 1278 457 his
1301 417 1414 456 rebus
1440 431 1508 457 au-

228 473 350 519 ditis,
387 475 570 514 continuo
600 485 800 515 moverunt
832 476 968 523 castra,
1005 479 1039 516 ὃς
1070 491 1158 517 cum
1188 478 1317 528 paucis
1352 477 1510 518 suorum

225 535 275 574 ad
300 535 443 574 vallum
466 537 682 576 Romanum
715 537 937 586 adequitans
959 537 1140 587 BoJorix,
1168 539 1336 579 Marium
1361 539 1408 578 ad
1437 552 1507 590 pu-

226 610 340 648 gnarn
367 601 602 649 provocavit.
637 598 729 645 Ille,
754 614 961 651 quamquam
987 614 1056 638 non
1084 601 1159 652 ςθὲι
1188 603 1293 640 moris
1316 604 1413 655 apud
1429 604 1509 640 Ro-

225 674 348 697 manos
362 692 374 707 ‚
391 675 435 697 ex
458 662 640 699 voluntate
665 662 806 713 hostium
825 663 1008 714 pugnandi
1030 662 1140 701 locum
1163 666 1354 716 tempusque
1375 666 1504 717 legere,

224 733 339 760 tamen
365 724 422 760 illi
446 726 605 761 daturum
634 723 832 774 respondit
848 754 860 770 ,
884 736 923 761 ut
946 725 1045 762 tertio
1067 725 1187 763 deinde
1209 726 1265 763 die
1281 728 1330 764 ad
1342 727 1500 779 proelium

215 785 256 836 fi
271 797 424 836 pararet.
456 784 586 824 locum
605 786 721 825 etiam
749 786 959 834 indicavit,
981 787 1086 837 apud
1104 786 1292 827 Vercellas
1317 800 1501 837 campum

224 846 432 899 (Raudium
455 861 503 886 an
526 850 696 888 Caudium
717 849 844 887 vocari
866 857 1066 899 oporteat,
1090 850 1326 904 ambigitur)
1349 851 1506 900 quiRo-

223 921 339 947 mano
363 910 547 959 equitatui
567 910 795 961 explicando
820 911 908 950 satis
929 918 1087 962 patens,
1112 911 1238 951 hostili
1262 912 1501 952 multitudini

225 971 489 1012 confufionem
519 973 746 1023 praebiturus
772 973 986 1015 videbatur.
1527 967 1533 975 .

292 1042 423 1081 LVIII.
460 1043 517 1082 Ad
548 1043 624 1083 hoc
652 1044 832 1094 proelium
859 1043 1119 1095 excogitatum
1145 1057 1167 1083 a
1191 1045 1317 1085 Mario
1350 1045 1506 1093 ferunt,

222 1110 266 1142 ut
288 1105 337 1143 de
362 1104 487 1144 fibulis
508 1107 641 1145 ferreis
661 1106 832 1154 duabus,
860 1107 997 1157 quibus
1023 1105 1165 1157 praefigi
1192 1107 1361 1158 pilorum
1392 1107 1505 1147 hasti-

222 1163 271 1203 lia
292 1164 587 1215 consueverant,
611 1181 687 1207 una
714 1177 891 1216 exemta‚
919 1168 1068 1222 ligneus
1086 1168 1252 1219 paxillus
1275 1168 1418 1220 fragilis
1440 1170 1508 1208 ad-

221 1226 441 1267 hiberetur:
466 1242 542 1278 quo
568 1237 728 1280 excepta
750 1230 863 1270 scutis
888 1230 1088 1270 hostilibus
1105 1231 1206 1281 pila,
1232 1245 1355 1282 neque
1374 1232 1507 1271 remis-

221 1286 316 1326 suris
343 1287 486 1328 habilia
509 1289 653 1339 essent,
683 1294 718 1331 &
745 1292 865 1331 fraeto
891 1292 1019 1343 ligneo
1049 1291 1183 1340 clavo,
1211 1294 1365 1344 gemino
1389 1293 1505 1333 hostis

220 1351 472 1390 incommodo
509 1353 652 1392 ferrum
684 1353 722 1392 se
750 1354 971 1394 inflecteret.
1012 1353 1061 1392 fic
1095 1354 1198 1393 enim
1231 1367 1354 1404 neque
1389 1355 1503 1395 evelli

217 1422 388 1466 poterat,
410 1417 444 1454 ἃ
463 1417 595 1465 majori
623 1417 671 1456 ad
697 1417 1046 1456 circumferendum
1068 1416 1218 1455 scutum
1242 1409 1506 1467 impedimen-

219 1482 259 1514 to
284 1484 385 1523 erat,
414 1489 529 1525 quam
558 1477 583 1515 fi
611 1480 756 1517 rectum
782 1478 821 1516 in
849 1491 895 1517 eo
922 1477 1084 1517 stetisset.
1120 1478 1321 1528 Postquam
1345 1489 1501 1529 tempus

218 1538 419 1588 pugnandi
453 1539 604 1590 adfuit,
635 1554 669 1579 a.
694 1540 732 1580 d.
755 1541 810 1581 HI
840 1540 922 1582 Kal.
944 1541 1074 1582 Sextil.
1096 1542 1139 1581 in
1159 1542 1284 1581 aciem
1315 1543 1505 1583 exercitus

218 1601 447 1642 educuntur.

274 1670 377 1711 LIX.
403 1671 528 1711 Catuli
545 1675 667 1726 copiae
690 1674 822 1725 viginti
844 1675 994 1714 circiter
1007 1674 1210 1714 hominum
1237 1674 1354 1714 millia
1380 1682 1506 1718 erant:

218 1730 368 1770 Marius
390 1732 466 1783 duo
484 1735 518 1771 ὁὶ
540 1733 692 1784 triginta
707 1735 948 1775 numerabat.
972 1735 1151 1774 Ceterum
1165 1735 1349 1776 Romanis
1370 1737 1503 1776 omnia

218 1794 268 1832 acl
288 1796 537 1843 pugnandum
562 1797 824 1845 meliora‚s1ve
847 1798 1001 1838 confilio
1026 1799 1168 1847 Marii,
1193 1799 1267 1838 five
1294 1800 1391 1838 forte
1419 1799 1502 1838 fue-

216 1864 316 1896 runt.
345 1857 635 1898 Translatitium
662 1861 765 1900 enim
793 1862 870 1910 est,
902 1870 945 1900 ut
969 1862 1098 1901 felices
1121 1863 1260 1908 duces,
1289 1861 1499 1911 sapientes;

218 1919 356 1969 quibus
388 1919 540 1958 adversa
566 1921 722 1961 fortuna
751 1923 846 1971 fuit,
883 1923 999 1962 etiam
1021 1936 1154 1973 parum
1185 1922 1387 1973 providisse
1413 1934 1500 1960 cre-

219 1980 370 2018 dantur.
412 1979 511 2030 Ergo
546 1983 582 2021 &
620 1983 734 2023 Marii
770 1984 914 2023 artibus
940 1985 1100 2024 adscribi
1127 1985 1266 2032 video,
1297 1985 1401 2034 quod
1434 1997 1499 2023 ne-

217 2039 395 2079 bulosum
434 2041 536 2080 diem
564 2046 696 2082 naCtus
728 2056 833 2085 erat:
870 2046 970 2095 quasi
1005 2046 1086 2085 dies
1111 2045 1233 2096 proelii
1267 2058 1345 2084 non
1371 2045 1500 2084 fuisset

215 2102 322 2152 prius
348 2099 549 2142 constituta
567 2134 578 2151 ,
595 2118 710 2155 quam
724 2138 736 2153 ,
758 2107 880 2157 qualis
901 2108 1028 2147 futura
1050 2107 1160 2155 esset,
1178 2106 1262 2146 sciri
1277 2107 1410 2157 posset.
1438 2120 1498 2146 ce-

214 2170 295 2201 tera
317 2165 396 2211 jam
421 2163 532 2212 talia,
563 2174 604 2204 ut
631 2166 678 2205 ab
701 2168 781 2217 ipso
805 2168 974 2219 prospici
1003 2168 1224 2219 potuerint:
1250 2167 1302 2206 ita
1319 2168 1497 2207 ordinata

214 2224 321 2273 acie,
341 2232 385 2264 ut
405 2225 560 2265 adverso
585 2225 664 2266 sole
691 2229 727 2267 ὅ(
751 2236 866 2268 vento
889 2229 1014 2279 pulvis
1044 2231 1084 2269 in
1114 2229 1247 2269 oculos
1273 2231 1309 2269 ἃ
1335 2242 1402 2269 ora
1424 2228 1494 2268 ho-

260 2374 283 2418 §
322 2374 428 2409 LVII.
452 2376 538 2408 Flor.
576 2376 662 2409 Plut.
698 2377 824 2410 Auster
855 2378 894 2411 de
916 2378 991 2411 Vir.
1022 2379 1070 2411 ill.
1099 2391 1127 2411 c.
1145 2378 1199 2418 65.
1226 2378 1351 2422 Vellei.
1371 2389 1415 2420 2,
1438 2390 1495 2413 120

198 2426 239 2472 5
267 2428 388 2464 LV111.
417 2429 581 2474 Porphyr.
605 2430 640 2463 'm
670 2431 755 2465 Hor.
776 2432 880 2467 Serm.
903 2442 948 2475 2,
971 2443 1007 2473 1,
1032 2444 1085 2474 14.
1109 2431 1217 2466 Caesar
1236 2432 1276 2467 de
1302 2432 1340 2467 B.
1364 2432 1412 2468 G·
1462 2462 1466 2465 .
