1632 2641
225 140 320 201 406
389 143 471 190 Jo.
516 138 1008 188 FRmNSHEMn
1044 113 1415 187 'suppran-

228 251 413 301 gestarum
449 249 525 287 fide
561 247 819 287 consentiunt.
871 248 991 298 Igitur
1025 246 1234 297 josephum
1266 255 1387 298 ‘atque
1427 247 1524 287 Por:

227 311 409 362 phyrium
441 311 636 357 maxime,
665 309 762 348 locis
799 311 833 349 &
869 310 1000 358 aetati,
1038 310 1085 348 de
1122 309 1261 359 quibus
1298 309 1526 359 scribimus,

228 374 448 423 proximos,
471 374 506 412 &
522 403 533 419 ,
560 371 627 410 ubi
654 373 801 411 variant
825 373 998 410 austores
1013 402 1023 420 ,
1042 371 1344 422 probabiliorem
1373 371 1524 410 senten-

228 435 320 474 tiam
346 435 487 482 secuti,
524 434 698 485 Grypum
724 432 960 473 Antiochum
976 463 987 482 ,
1013 435 1148 483 quinto
1174 436 1209 474 ἃ
1232 434 1522 484 quadragesimo

228 498 337 545 vitae,
363 497 658 536 undetricefimo
683 497 790 546 regni
809 507 910 533 anno
925 525 936 542 ,
959 496 1160 543 cujusdam
1184 494 1433 534 Heracleonis
1456 494 1526 532 do-

230 557 271 596 lo
296 557 540 597 interfeclum
570 557 748 607 ponimus
766 587 775 605 ,
800 568 961 606 regnum
991 555 1041 594 ad
1067 554 1103 595 se
1130 555 1278 594 trahere
1304 554 1525 603 molientis,

231 633 308 669 quo
335 629 511 671 ternpore
545 617 788 658 consulatum
826 618 961 657 Romae
987 618 1058 657 Cn.
1083 615 1284 658 Cornelius
1315 615 1525 665 Lentulus,

230 682 272 722 P.
295 684 465 722 Licinius
491 682 637 729 Craffus
661 681 853 731 gerebant.

292 751 396 792 LXI.
432 752 551 801 Igitur
574 751 656 801 post
682 749 797 800 longa
819 750 977 788 fratrum
1003 748 1232 798 certamina,
1253 762 1343 788 cum
1375 748 1529 788 submo-

234 819 299 852 tus
321 813 397 852 1100
426 815 545 852 modo
572 814 722 865 Grypus
755 811 917 852 Seleuco
942 810 1023 849 filio
1053 810 1199 849 feciffet
1225 810 1355 849 locum
1374 841 1385 858 ,
1412 819 1527 861 atque

233 876 287 914 ita
309 874 424 914 veluti
454 875 640 914 defessum
669 872 839 925 pugilem
870 885 1000 912 recens
1038 864 1180 912 viiibus
1210 871 1440 923 excepisset,
1469 871 1529 911 su-

233 950 388 992 peratus
416 939 518 979 bello
546 940 783 990 Cyzicenus,
818 951 907 977 cum
931 947 1153 988 caperetur,
1176 949 1311 976 manus
1336 936 1402 975 fibi
1427 937 1532 975 intu-

235 1004 293 1046 lit.
322 1004 519 1053 Seleucus,
536 1003 742 1055 Antiochia
765 1003 932 1053 potitus,
950 1000 1185 1041 Antiochum
1202 1000 1384 1051 Cyziceni
1405 998 1532 1038 filium

237 1068 286 1107 ad
316 1080 451 1107 necem
478 1067 682 1118 quaerebat.
721 1066 796 1107 Sed
826 1065 918 1115 ille,
953 1065 1120 1104 servatus
1150 1064 1362 1103 meretricis
1389 1075 1534 1114 opera,

238 1144 323 1181 quae
349 1141 506 1181 propter
535 1131 719 1170 eximiam
746 1129 880 1168 formae
912 1126 1243 1177 pulchritudinem
1265 1139 1354 1165 eum
1378 1127 1532 1176 deperi-

236 1194 330 1242 bat,
342 1195 392 1234 ad
407 1194 565 1234 Aradios
576 1223 588 1241 .,
604 1202 786 1242 tanquam
808 1192 859 1231 ad
874 1190 1035 1241 asylum,
1050 1189 1237 1240 confugit.
1257 1189 1382 1228 Aradii
1401 1189 1504 1227 enim
1518 1218 1531 1236 ,

241 1257 421 1297 conceffu
450 1255 601 1297 Seleuci
637 1255 837 1303 Callinici,
875 1253 951 1292 1100
976 1255 1058 1302 jure
1085 1250 1321 1297 utebantur,
1358 1261 1401 1288 ut
1425 1249 1534 1300 Syria

238 1317 428 1367 profugos
449 1316 549 1356 bona
571 1329 704 1366 regum
723 1316 833 1355 venia
850 1314 1090 1364 reciperent3
1118 1323 1243 1360 neque
1264 1310 1462 1350 dedendos
1479 1321 1535 1347 re.

237 1378 464 1429 petentibus
476 1407 488 1427 ,
505 1389 630 1428 neque
654 1377 781 1416 invitis
798 1375 890 1422 illis,
908 1382 974 1412 aut
987 1373 1267 1426 ignorantibus,
1284 1371 1537 1413 emittendos,

298 1449 422 1490 LXII.
456 1450 504 1489 At
528 1448 636 1500 Syri,
655 1460 750 1498 quos
784 1446 961 1496 asperum
993 1443 1143 1485 Seleuci
1167 1443 1458 1493 violentumque
1476 1442 1534 1480 in-

241 1513 399 1562 genium
429 1510 683 1558 alienaverat,
711 1508 902 1549 servatum
926 1507 995 1546 fibi
1017 1519 1150 1557 regem
1178 1505 1367 1545 miraculo
1394 1507 1536 1551 iaetan-

240 1580 325 1622 te5‚
355 1574 462 1611 Pium
494 1571 763 1623 appellarunt,
805 1578 989 1620 tanquam
1018 1581 1169 1609 morum
1209 1568 1347 1607 merito
1382 1567 1535 1619 gladios

240 1636 426 1688 patruelis
451 1637 629 1676 evafiffet.
670 1636 815 1686 Igitur,
843 1634 962 1674 auctis
992 1634 1038 1672 ab
1065 1633 1202 1671 eodem
1234 1632 1366 1672 favore
1400 1630 1532 1670 celeri-

241 1708 303 1740 ter
323 1700 466 1740 viribus
482 1731 492 1749 ,
519 1699 725 1741 Seleucum
746 1692 907 1749 expellit
941 1699 1049 1750 Syria
1067 1711 1075 1737 z
1106 1695 1397 1748 persecutusque
1418 1697 1457 1734 in
1474 1694 1535 1734 Ci-

244 1764 376 1803 liciam
391 1795 403 1812 ,
427 1763 530 1815 apud
547 1761 863 1814 Mopsuhaestiam
880 1761 1020 1813 proelio
1044 1761 1172 1800 vincit.
1196 1760 1377 1802 Seleucus
1391 1790 1402 1809 ,
1417 1760 1464 1799 ad
1479 1772 1537 1798 re=

244 1827 435 1877 paranda-s
466 1827 563 1865 vires
598 1838 688 1865 011111
722 1824 859 1864 acerbe
898 1820 1080 1874 pecunias
1115 1823 1311 1874 exigeret,
1339 1822 1388 1861 ab
1424 1822 1535 1872 oppi-

247 1888 358 1927 danis
382 1888 470 1937 igne
494 1887 532 1926 in
554 1886 819 1938 gymnasium,
835 1885 903 1925 ubi
926 1884 1206 1931 diversabatur,
1225 1884 1392 1932 injecfto,
1417 1895 1536 1920 manu

245 1949 312 1989 sua
341 1952 440 1989 mori
479 1949 624 1989 maluit.
666 1948 870 1988 aedificium
907 1960 997 1986 cum
1030 1947 1164 1987 amicis
1200 1946 1313 1996 regiis
1352 1944 1534 1983 incendio

245 2011 425 2051 haustum
447 2012 510 2052 est.
541 2012 609 2051 Pro
633 2024 679 2051 eo
704 2012 828 2051 statim
843 2042 854 2060 ‚
878 2019 1060 2061 tanquam
1083 2008 1213 2060 hydrae
1243 2007 1361 2046 reciso
1384 2006 1535 2057 capite,

245 2075 382 2114 fratres
409 2075 624 2116 Antiochus
652 2077 688 2115 &
716 2074 938 2126 Philippus,
964 2087 1005 2112 te
1027 2076 1058 2114 ἅ
1082 2071 1341 2122 appellatione
1365 2070 1534 2120 gemini,

185 2138 189 2147 ¹
247 2136 374 2177 hostes
400 2138 466 2178 Pio
498 2138 757 2186 exoriuntur,
781 2150 868 2176 cum
897 2135 1022 2175 fratris
1049 2144 1235 2182 mortem,
1264 2141 1376 2184 capta
1401 2132 1537 2171 rebelli

247 2197 345 2237 urbe
359 2230 372 2245 ,
388 2197 544 2249 soloque
569 2207 714 2249 aequata
728 2230 741 2246 ‚
758 2197 1029 2245 vindicassent,
1051 2195 1339 2246 superveniente
1357 2195 1423 2234 Pio
1444 2193 1538 2232 ami-

248 2258 377 2299 serunt
402 2260 613 2299 exercitum
631 2289 642 2309 ,
670 2258 842 2310 alterque
867 2252 1029 2298 fratrum
1046 2258 1277 2309 Antiochus,
1304 2259 1397 2298 dum
1421 2259 1461 2297 in
1477 2257 1539 2296 fu-

293 2402 316 2445 §
334 2401 404 2433 LX.
429 2400 566 2443 Ioseph.
585 2410 622 2444 13
637 2428 644 2442 ‚
664 2412 716 2433 21.
735 2401 838 2444 Trog.
853 2401 940 2445 prol.
963 2409 1014 2431 10.
1032 2398 1157 2432 Athen.
1172 2411 1211 2439 4,
1233 2409 1284 2440 ¹3·
1309 2399 1430 2443 §LXL
1452 2398 1538 2431 Por-

247 2455 346 2500 phyr.
366 2466 421 2500 ap.
443 2455 563 2489 Eusseh.
587 2456 735 2500 Appiam.
752 2456 881 2499 Syriae.
904 2453 1042 2498 Ioseph.
1066 2454 1174 2487 Strab.
1199 2455 1223 2488 1.
1253 2453 1307 2487 16.
