1632 2641
226 166 289 215 70
362 142 1419 205 JO.FRE1NSHEM118UPPLE“M;

226 269 272 302 ut
298 251 485 310 eJusinodi
504 262 606 300 dona
631 260 893 310 occultarent,
914 261 998 302 suas
1023 263 1221 303 manubias
1246 266 1400 303 auctura
1417 278 1425 304 :
1445 263 1511 304 sed

227 325 380 374 Scipio,
396 325 460 374 qui
476 324 573 363 nihil
592 337 672 364 non
685 325 734 364 ad
749 324 1029 376 rempublicam
1049 327 1258 375 referebat,
1274 327 1444 377 negavit,
1456 329 1513 380 se,

229 387 297 437 111st
328 388 536 440 inspeflante
560 388 736 437 exercitu,
772 401 1012 442 accepturum.-
1046 390 1225 442 referrique
1250 391 1288 427 in
1324 390 1465 428 tabulas
1489 404 1514 428 a

226 449 382 500 quaessore
411 448 543 498 juffit3
575 451 656 488 inde
694 466 834 489 munera
856 451 896 503 fi
920 451 1079 503 fortibus
1107 453 1197 489 viris
1229 453 1417 500 daturum,
1450 451 1515 489 in-

227 508 322 557 figni
345 509 395 548 ad
422 509 603 550 virtutem
628 510 805 559 stimulo,
833 511 1028 561 professus.
1063 512 1181 552 Causa
1210 512 1413 563 legationis
1434 524 1538 557 non,

227 571 412 611 traditur:
441 570 507 611 sed
539 585 588 611 ex
615 573 771 612 fortuna
795 574 893 624 regis
918 573 1048 624 colligi
1072 574 1233 614 fortaffis
1254 575 1390 625 potest.

283 631 473 672 XXXVI.
503 633 660 684 Quippe
686 647 746 673 res
771 634 872 673 istius
897 634 1076 674 Antiochi
1104 634 1220 686 paulo
1243 646 1329 675 ante
1358 649 1400 675 ea
1420 644 1516 675 tem-⁸

222 705 347 746 pora,
374 692 499 733 subita
527 696 768 743 mutatione,
794 708 842 736 ex
868 696 1031 747 angustis
1057 696 1328 737 florentiffimae
1354 698 1517 737 redac‘tae

226 754 406 794 fuerant:
439 757 771 806 quemadmodum
797 771 878 797 non
905 758 957 798 ita
984 757 1109 797 multo
1136 759 1240 809 post,
1267 771 1356 798 eum
1383 760 1518 800 firmis-

229 816 331 855 simae
352 817 595 869 viderentur,
617 819 817 869 inopinata
845 818 954 859 clade
980 831 1215 860 corruerunt.
1248 822 1426 862 Ceterum
1457 823 1519 861 in-

228 877 364 916 teritus
390 877 641 919 adolescentis
669 882 721 921 ad
746 881 942 932 sequentia
970 891 1145 933 tempora
1174 885 1369 934 pertinet:
1398 885 1520 923 incre-

227 947 362 979 menta
384 943 527 979 narrari
546 941 705 991 praesens
731 943 842 982 locus
865 943 1031 994 postulat
1045 975 1056 993 ,
1073 954 1139 992 ut,
1157 958 1232 995 quo
1258 946 1412 985 interim
1428 944 1517 987 loco

228 1014 291 1040 xes
316 1001 487 1042 Orientis
506 1002 673 1052 fuerint,
694 1006 930 1055 compendio
947 1004 1209 1055 cognoscatur.
1234 1007 1434 1057 Postquam
1461 1008 1519 1046 in-

231 1062 347 1103 sessor
373 1064 517 1114 Syriaci
545 1067 652 1120 regni
677 1066 838 1117 Trypho
862 1067 1037 1118 superbia
1067 1070 1103 1107 δε
1126 1067 1220 1108 luxu
1242 1068 1410 1108 militum
1439 1071 1521 1108 ani-

231 1139 322 1165 mos
344 1126 609 1177 abalienass'et‚
637 1130 686 1168 ad
711 1129 978 1180 Cleopatram,
1004 1130 1193 1170 Demetrii
1223 1144 1381 1171 uxorem
1399 1162 1410 1179 ,
1436 1145 1519 1182 quae

236 1203 328 1229 cum
354 1190 480 1229 liberis
495 1191 679 1232 Seleuciae
699 1192 736 1232 se
759 1193 961 1234 incluserat
975 1225 986 1243 ‚
1010 1194 1183 1245 plerique
1206 1195 1244 1234 se
1262 1195 1520 1235 contulerunt.

232 1252 351 1293 Unde
365 1251 430 1291 illa
444 1252 618 1293 resumtis
633 1255 790 1303 animis,
811 1268 900 1295 cum
916 1255 1168 1305 Antiochum,
1182 1257 1250 1296 viri
1266 1256 1320 1295 sui
1342 1256 1522 1304 fratrem,

236 1322 322 1354 toto
350 1328 467 1365 regno
502 1315 677 1360 oberrare
701 1326 874 1358 cerneret
900 1323 1034 1372 (metu
1063 1320 1167 1359 enim
1189 1318 1524 1370 Tryphonis-civi-

236 1384 295 1417 tas
321 1389 410 1415 eum
447 1377 556 1418 nulla
585 1379 825 1433 recipiebat)
861 1381 910 1420 ad
938 1383 1104 1421 rationes
1141 1382 1334 1433 utriusque
1364 1381 1524 1421 mirifice

236 1439 431 1489 pertinere
459 1439 651 1489 credidit,
689 1441 715 1480 fi
750 1441 931 1481 societate
956 1444 1066 1493 regni
1093 1443 1205 1483 simul
1235 1443 1412 1493 thorique
1436 1443 1525 1491 jun-

237 1509 428 1553 gerentur.
456 1502 689 1552 impulerant
707 1504 846 1542 eodem
874 1517 964 1544 cum
987 1506 1199 1544 amicorum
1227 1503 1406 1552 confilia,
1437 1512 1522 1544 tum

238 1565 481 1615 quorundam
495 1565 696 1615 Tryphoni
720 1567 953 1605 studentium
972 1574 1118 1615 metus,
1142 1582 1162 1607 a
1182 1566 1320 1617 quibus
1336 1579 1409 1605 una
1433 1578 1526 1606 cum

236 1625 337 1665 urbe
364 1626 464 1665 tradi
490 1626 530 1664 in
557 1627 706 1678 tyranni
725 1627 950 1678 potestatem
973 1627 1145 1669 timebat.

295 1686 507 1726 XXXVII.
536 1687 775 1736 Antiochus,
794 1689 935 1739 cupide
961 1700 1122 1741 accepto
1144 1689 1341 1741 insperatae
1361 1690 1524 1731 fortunae

240 1760 422 1796 munere,
444 1748 766 1790 cumSeleuciam
792 1751 971 1799 veniffet,
988 1752 1160 1802 viresque
1181 1752 1264 1792 suas
1280 1753 1408 1803 augeri
1431 1767 1524 1804 quo-

239 1809 335 1848 tidie
356 1810 528 1857 videret,
558 1810 658 1850 bello
694 1821 824 1862 petere
848 1813 1100 1863 Tryphonem
1125 1812 1237 1852 ausus
1264 1815 1336 1853 est:
1365 1815 1527 1855 vicium-

241 1884 317 1922 que
340 1871 478 1921 proelio
505 1881 586 1911 tota
612 1872 802 1923 superiore
817 1875 922 1924 Syria
948 1875 1086 1923 ejecit3
1124 1888 1174 1914 ne
1197 1876 1326 1914 vivum
1349 1885 1526 1926 caperet,

240 1933 399 1973 avaritia
419 1933 575 1974 suorum
589 1935 761 1985 equitum
778 1936 1008 1987 praepeditus
1021 1966 1032 1985 ‚
1055 1936 1120 1986 qui
1140 1936 1305 1987 sparsum
1319 1937 1526 1987 afugiente

242 2008 381 2035 aurum
408 1995 656 2047 colligendo,
689 2006 870 2048 tempus,
907 2000 1012 2048 quod
1041 1997 1115 2037 hae
1148 2009 1228 2037 arte
1260 1998 1522 2049 quaerebatur,

242 2058 453 2111 effugiendi
490 2060 764 2099 concesserunt.
805 2050 994 2111 Tryphon
1022 2061 1063 2100 in
1091 2061 1284 2100 munitum
1315 2059 1522 2100 Phoeniciae

243 2120 440 2161 castellum
456 2152 468 2167 ‚
495 2123 604 2159 Dm
631 2135 776 2161 nomen
802 2122 854 2161 est
884 2122 973 2161 loco
989 2154 1000 2171 ‚
1026 2135 1115 2161 cum
1140 2121 1358 2173 refugisset,
1391 2123 1523 2162 Antio-

243 2184 340 2223 chus
377 2195 467 2222 cum
503 2183 668 2222 exercitu
700 2183 862 2234 pedestri
891 2191 1048 2222 centum
1084 2183 1221 2234 viginti
1254 2182 1420 2222 millium
1458 2183 1526 2223 su·-

242 2245 430 2300 pervenit.
454 2245 613 2293 admota
636 2245 755 2285 eciam
779 2245 900 2286 claffis
928 2246 1003 2292 est,
1027 2245 1291 2299 (maritimum
1317 2247 1422 2286 enim
1443 2253 1524 2287 erat

290 2380 312 2422 §
334 2379 475 2411 XXYV.
500 2381 579 2414 Liv.
596 2382 643 2425 Ep
648 2382 686 2415 it.
704 2381 777 2414 Cic.
797 2394 859 2425 pro
884 2381 935 2414 D··
930 2380 1001 2425 fior.
1027 2394 1055 2413 c.
1079 2392 1130 2422 17.
1156 2382 1177 2421 S
1197 2381 1524 2421 XXXV1.70se‚v‚›h

249 2434 374 2467 13,12.
398 2424 515 2458 justin.
543 2426 648 2469 36,1.
671 2426 960 2470 Zonar.Ag.plan
980 2425 1051 2472 Syr
1047 2438 1108 2460 iac..
1133 2426 1244 2461 Str-ab.
1269 2439 1300 2468 2,
1327 2438 1378 2471 13.
1397 2425 1521 2461 Euleb

247 2465 561 2514 3ieccliab.1,15
