1632 2641
241 156 336 208 390
411 144 499 191 JO.
549 143 1053 193 rnssrusuerrrr
1086 139 1437 198 SUPPL'EM.

241 253 386 291 c'vibus
414 254 614 303 regundis,
637 267 709 304 qua
734 256 928 294 maximus
949 268 1130 295 numerus
1160 256 1376 307 sociorum,
1394 273 1462 311 pro
1479 259 1532 299 ci-

241 315 351 353 vibus
383 316 560 356 Romanis
588 315 625 355 se
646 318 885 368 gerentium,
917 318 965 357 ad
989 317 1072 357 suas
1095 319 1253 370 quisque
1273 322 1446 361 civitates
1472 336 1530 362 re-

241 379 519 428 mittebantur,
556 379 607 418 ita
634 379 816 420 alienavit
843 380 1061 430 principum
1094 380 1324 423 Italicorum
1354 387 1532 434 animos,

241 450 287 480 ut
311 454 354 480 ea
374 441 435 481 vel
460 443 626 482 maxima
648 443 759 483 causa
781 441 871 482 belli
895 443 978 494 post
998 445 1205 484 triennium
1228 448 1397 498 erupturi
1418 448 1529 486 fuilse

243 505 430 544 credatur.

296 563 432 608 XXII.
466 568 640 619 Prodigia
669 568 793 607 multa
819 569 991 609 nuntiata
1019 570 1114 611 sunt.
1144 572 1267 612 Laetis
1296 572 1426 623 pluvia
1452 574 1534 613 Cae-

242 644 284 670 re
312 644 321 670 ε
357 631 484 670 hiatus
511 639 618 669 terrae
646 630 824 669 Venafro.
865 632 1048 671 Praeterea
1078 631 1251 673 fulminis
1283 635 1413 674 afflatu
1452 634 1534 684 ple-

243 706 360 743 raque
385 691 563 732 animalia
590 692 818 731 exanimata.
856 694 986 744 Agnus
1013 693 1145 744 biceps
1163 724 1174 743 ‚
1198 708 1292 745 puer
1304 698 1428 734 ternis
1454 709 1534 735 ma-

242 756 358 796 nibus
384 757 619 808 pedibusque
646 765 773 795 natus.
814 754 878 794 sed
906 754 1028 794 hastas
1050 755 1187 795 Martis
1214 766 1363 805 motas,
1390 756 1535 797 tumul-

244 829 307 861 tus
337 829 479 859 certam
513 817 827 868 significationem
856 815 997 855 habere
1024 817 1144 855 visum
1166 833 1175 856 :
1211 815 1309 857 illud
1336 818 1452 857 etiam
1476 820 1536 857 in-

243 886 374 926 stantis
402 885 504 922 inter
539 880 840 931 consanguineos
870 879 1036 930 populos
1069 879 1187 929 belli,
1219 881 1324 931 quod
1363 881 1533 923 vultures

245 961 383 989 canem
415 954 611 985 mortuum
632 944 821 982 laniantes
841 942 889 982 ab
914 942 994 982 aliis
1020 942 1237 982 vulturibus
1262 944 1375 983 occist
1398 957 1534 984 come-

244 1011 349 1060 fique
375 1009 537 1048 fuerant.
574 1006 651 1047 Sed
680 1007 715 1045 ἃ*
748 1005 903 1053 majoris
926 1003 1101 1043 miraculi
1126 1017 1183 1043 res
1212 1005 1388 1045 additur:
1418 1006 1535 1057 Euty..

246 1072 391 1112 chiden
422 1070 616 1120 quendam
639 1067 816 1107 Lebadiae
842 1067 880 1104 in
900 1065 1118 1116 Trophonii
1145 1074 1296 1106 antrum
1327 1068 1533 1119 digressum

243 1132 485 1187 (multorum
519 1129 705 1168 mensium
740 1128 984 1178 expiatione,
1012 1128 1199 1178 variisque
1224 1127 1534 1179 superstitionum

249 1197 287 1236 δε
314 1192 550 1234 terribilibus
581 1190 753 1230 ludibriis
773 1220 784 1236 ,
809 1189 1043 1228 curiosorum
1072 1189 1277 1229 hominum
1303 1203 1347 1229 ea
1371 1193 1535 1230 temeri-

243 1266 303 1298 tas
328 1254 554 1307 constabat)
583 1251 756 1291 tabulam
787 1264 934 1291 aeneam
960 1251 1159 1300 extulisse,
1189 1263 1272 1302 quae
1303 1252 1352 1290 ad
1379 1265 1436 1290 res
1461 1253 1535 1292 Ro-

244 1331 380 1360 manas
403 1315 620 1368 pertineret.

312 1379 466 1422 XXIII.
492 1379 670 1418 Ceterum
698 1376 807 1415 domi
839 1374 1008 1426 forisque
1035 1374 1123 1414 satis
1154 1373 1381 1425 tranquillus
1411 1388 1534 1413 annus

246 1445 333 1486 fuit.
381 1454 505 1493 eoque
536 1442 588 1491 Q,
626 1438 797 1480 Scaevola
829 1438 988 1486 consul,
1024 1450 1113 1477 cum
1150 1437 1322 1488 alioquin
1360 1439 1534 1489 regendis

244 1505 480 1560 provinciis,
514 1504 565 1543 ad
594 1501 754 1553 gloriam
790 1514 836 1541 ex
869 1502 950 1541 Asia
982 1510 1130 1551 partam
1164 1499 1260 1539 nihil
1294 1499 1392 1539 ultra
1429 1501 1535 1550 posse

245 1569 361 1618 adjici
388 1575 564 1617 putaret,
592 1564 741 1604 detrahi
766 1564 912 1614 aliquid
935 1563 1064 1614 posse,
1095 1576 1143 1601 ne
1167 1563 1307 1602 sumtui
1333 1563 1424 1601 esset
1448 1576 1535 1602 zera.-

246 1633 305 1671 xio
321 1663 330 1679 ,
346 1630 581 1682 provinciam
610 1626 810 1676 deposuit:
841 1629 950 1676 cujus
969 1626 1188 1677 cupiditate
1205 1626 1378 1676 plerique
1391 1658 1401 1675 ,
1417 1627 1534 1666 etiam

246 1694 337 1734 fatis
367 1691 486 1738 boni,
512 1690 685 1729 solebant
715 1687 948 1738 delinquere.
975 1688 1017 1728 L.
1047 1687 1218 1736 Crassus,
1242 1687 1404 1726 Galliam
1433 1689 1535 1726 cite-

247 1742 391 1794 riorem
419 1750 596 1799 sortitus,
626 1749 866 1801 provinciam
896 1748 1184 1788 excursionibus
1214 1746 1443 1797 ignobilium
1473 1747 1538 1786 la-

247 1815 517 1857 trunculorum
544 1814 717 1853 infestam
743 1812 915 1864 pacavit,
944 1811 1091 1851 summa
1118 1810 1317 1861 diligentia
1353 1809 1536 1860 oppreiiis

248 1876 521 1930 praedonibus:
546 1890 642 1928 quem
662 1876 740 1912 ideo
755 1874 906 1927 spiculis
925 1889 1031 1927 prope
1050 1874 1243 1926 scrutatum
1264 1872 1452 1924 cffiAlpoes
1475 1872 1536 1910 Ci-

250 1953 339 1979 cero
364 1940 484 1986 dixit,
506 1949 570 1986 ut,
590 1937 649 1974 ubi
677 1937 782 1988 hostis
805 1951 873 1974 non
900 1947 998 1983 erat,
1028 1935 1078 1972 ibi
1103 1935 1267 1986 triumphi
1294 1933 1434 1985 causam
1466 1933 1537 1970 ali-

249 2020 353 2059 quam
375 2014 543 2057 quaereret.
579 2002 654 2041 Sed
680 2000 795 2050 hujus
816 2001 974 2051 quidem
996 1999 1134 2048 ineptae
1163 1997 1384 2047 cupiditatis
1406 1997 1534 2035 fruc‘tu

248 2066 395 2113 caruit,
430 2063 643 2115 opprobrio
668 2070 857 2102 manente.
901 2062 1000 2101 Cum
1033 2060 1135 2099 enim
1163 2059 1329 2098 Romam
1364 2057 1533 2096 reversus

247 2125 491 2176 triumphum
519 2138 541 2163 a
565 2123 698 2163 senatu
735 2121 965 2174 postularet,
994 2119 1215 2169 senatusque
1250 2126 1409 2169 propter
1436 2116 1537 2156 sum-

248 2201 354 2227 mam
381 2189 464 2236 ejus
487 2186 529 2224 in
555 2184 753 2234 republica
783 2182 995 2233 potentiam
1019 2193 1063 2220 ac
1085 2180 1313 2230 dignitatem
1340 2180 1380 2217 in
1409 2179 1537 2217 decer.

249 2251 382 2289 nendo
411 2249 710 2300 gratificaretur,
746 2248 796 2296 Q.
824 2244 992 2286 Scaevola
1022 2257 1104 2283 non
1132 2243 1325 2282 dubitavit
1354 2240 1536 2291 reipubli-

247 2324 301 2352 cae
329 2314 475 2363 magis,
500 2324 615 2361 quam
640 2308 818 2359 collegae,
841 2307 981 2347 habere
1003 2306 1190 2345 rationem
1205 2335 1216 2353 ,
1241 2302 1544 2352 interceffitque,

297 2428 317 2471 §
355 2426 447 2459 X'ffl.
476 2427 548 2457 Cic.
580 2438 640 2468 pro
670 2424 773 2456 Corn.
800 2423 832 2455 ὃ(
857 2422 956 2457 Offic.
986 2433 1024 2467 3,
1053 2435 1105 2457 11.
1143 2421 1164 2466 5
1200 2420 1309 2454 XXII.
1337 2419 1460 2452 Ascon.
1498 2418 1533 2448 in

252 2471 359 2505 Corn.
383 2471 450 2506 Jul.
476 2470 602 2514 Obseq.
628 2469 767 2503 Paustm.
790 2471 813 2502 l.
841 2482 873 2514 9.
