1632 2641
190 171 279 219 170
345 136 1374 203 10.FRE1NS'HEM115UPPLEM.

186 266 245 306 Ita
268 264 476 304 remittitur
499 275 589 303 cum
609 261 800 313 prioribus
825 260 1017 302 mandatis
1037 258 1282 306 adolescens,
1303 261 1340 298 &
1364 271 1385 298 a
1409 271 1474 296 cuo

183 329 280 381 pido
308 328 508 378 pugnandi
533 325 688 365 consule
706 327 745 365 in
774 325 929 364 vincula
958 324 1178 372 conjicitur.
1202 323 1388 360 continuo
1412 334 1475 360 va-

184 392 264 431 lida
291 403 427 429 manus
460 402 546 430 cum
573 389 677 439 justis
700 388 838 434 armis,
866 390 902 426 &
927 385 1125 426 Cretenses
1155 382 1336 433 sagittarii
1366 382 1475 423 multi

185 454 225 493 in
245 452 478 493 Aventinum
501 453 719 490 mittuntur.
749 450 834 489 Hos
854 448 899 487 D.
929 448 1064 486 Brutus
1089 446 1144 484 vir
1168 443 1396 491 consularis,
1413 444 1477 493 qui

186 515 291 554 socer
317 514 402 563 Caji
440 513 593 560 fuerat,
632 525 702 562 per>
740 510 885 548 clivum
913 507 1115 558 publicum
1149 507 1308 554 dunos,
1337 504 1479 545 adoriri

186 577 380 627 judicatos
405 575 530 614 hostes
554 574 674 623 jubet.
702 573 764 613 Fit
788 572 883 610 acris
912 583 1063 620 pugna,
1083 569 1264 608 ferociter
1294 567 1480 623 dimican7

186 649 226 678 te
253 638 407 678 Flacco.
453 639 488 678 P.
517 636 701 677 Lentulus
732 635 907 686 princeps
937 633 1086 671 senatus
1110 644 1222 682 grave
1257 629 1394 670 vulnus
1421 640 1482 667 ac-

186 701 309 750 cipit,
346 701 471 739 donec
503 699 641 738 amiffis
675 697 900 737 hominibus
930 695 1052 733 ferme
1087 693 1264 733 ducentis
1296 692 1483 742 quinqua-

187 762 292 813 ginta
307 792 318 809 ,
346 761 411 811 qui
444 760 613 800 maxime
636 759 779 810 sagittis
802 757 952 798 eminus
976 755 1117 794 confixi
1144 755 1321 802 fuerant,
1347 755 1384 794 &
1406 752 1483 791 dif-

186 824 424 875 fugientibus
446 823 626 874 reliquis,
644 824 698 863 M.
716 821 875 862 Fulvius
902 833 980 859 una
1001 831 1091 858 cum
1117 819 1265 866 majore
1288 817 1392 865 silio,
1414 828 1482 867 per

187 887 309 926 aedem
337 886 478 931 Lunae,
514 886 557 924 in
583 883 784 934 cujusdam
817 883 899 923 noti
925 882 1087 921 domum
1112 879 1290 930 perfugit.

241 947 431 988 XXVJH.
459 946 517 987 Ibi
542 958 634 986 cum
654 947 693 984 in
716 944 898 985 balneum
925 943 1122 995 quoddam
1143 941 1362 992 neglectum
1388 938 1487 978 olim

188 1009 227 1049 se
248 1009 473 1057 abdidisset,
491 1011 525 1048 ἃ
544 1008 716 1053 inimici,
734 1007 899 1046 latebras
924 1007 1007 1055 ejus
1028 1006 1250 1055 ignorantes
1264 1035 1277 1050 ,
1301 1001 1372 1042 toti
1397 1001 1485 1040 vico

187 1071 417 1110 incendium
453 1071 746 1116 minitarentur3
776 1068 930 1108 territus
959 1068 1026 1116 qui
1057 1075 1279 1117 receperat,
1308 1077 1396 1103 cum
1428 1063 1487 1103 in-

191 1134 336 1173 dicium
364 1134 492 1172 facere
521 1132 868 1178 verecundaretur,
898 1129 1120 1168 subornavit
1152 1128 1404 1179 proditorem.
1430 1126 1485 1165 ita

189 1196 357 1245 reperti,
380 1202 512 1234 tamen
537 1193 698 1242 objectis
720 1193 870 1232 foribus
899 1191 936 1230 se
961 1191 1251 1239 defendebant,
1274 1190 1398 1229 donec
1430 1202 1485 1228 re-

182 1255 297 1296 sciffo
325 1256 477 1295 cratitio
502 1257 649 1306 pariete
673 1254 839 1305 jugulati
866 1252 967 1292 sunt.
1011 1254 1175 1301 Caium,
1197 1264 1332 1290 manus
1355 1250 1487 1289 conse-

190 1331 274 1356 rere
302 1330 393 1356 cum
415 1317 563 1356 civibus
591 1316 814 1364 nolentem,
841 1317 882 1354 in
906 1314 1038 1354 Dianae
1065 1315 1199 1353 fanum
1224 1311 1379 1362 abstulit
1403 1313 1484 1362 pri=

191 1393 254 1418 ma
278 1379 384 1430 fuga.
418 1379 493 1420 Ubi
521 1393 596 1430 prae
621 1379 755 1418 dolore
779 1391 916 1418 manus
942 1377 1011 1416 fibi
1045 1379 1184 1416 inferre
1213 1381 1413 1426 parantem
1439 1373 1487 1412 fi-

194 1442 334 1480 dillimi
368 1442 585 1481 amicorum
616 1440 852 1492 Pomponius
885 1441 920 1479 Sc
947 1440 984 1479 P.
1007 1439 1193 1483 Laetorius
1222 1437 1484 1477 attinuerunt:

192 1518 413 1555 quanquam
444 1504 508 1543 alii
539 1517 609 1554 pro
634 1504 799 1555 Laetorio
827 1502 1021 1547 Licinium
1052 1514 1197 1541 nomen
1220 1508 1383 1550 ponunt.

260 1566 415 1606 XXIX.
450 1567 512 1606 Sic
542 1576 719 1606 extortus
746 1565 879 1614 juveni
911 1565 1060 1614 pugio,
1096 1575 1142 1602 ac
1172 1561 1253 1612 ipse
1279 1561 1318 1599 in
1349 1561 1485 1609 fugam

191 1626 375 1677 abreptus
400 1627 462 1666 est.
489 1628 543 1667 ibi
560 1641 662 1678 genu
686 1626 810 1677 posito
836 1625 1038 1665 tetendisse
1060 1626 1109 1664 ad
1133 1623 1379 1663 simulacrum
1395 1623 1485 1662 Deae

193 1702 331 1728 manus
349 1689 489 1728 dicitur
503 1720 513 1738 ,
535 1702 623 1729 cum
641 1688 918 1739 imprecatione
937 1689 978 1727 in
996 1688 1214 1728 Romanam
1238 1685 1415 1736 plebem,
1424 1684 1488 1736 fiz-

190 1763 277 1789 ceret
302 1753 408 1799 Dea,
435 1764 473 1789 ut
497 1753 658 1804 ingratus
686 1751 720 1790 ὃν
743 1750 892 1802 defertor
911 1752 1054 1804 suorum
1074 1749 1254 1802 populus,
1282 1759 1481 1798 perpetuam

194 1813 375 1850 nobilitati
396 1813 544 1865 serviret
557 1814 770 1865 servitutem.
798 1812 933 1852 Subito
961 1813 1086 1859 enim,
1107 1824 1195 1852 cum
1222 1809 1401 1861 promissa
1417 1823 1483 1848 vo-

198 1888 243 1914 ce
271 1876 458 1926 praeconis
484 1877 695 1926 impunitas
719 1888 824 1914 arnia
851 1874 1084 1926 ponentibus
1111 1873 1224 1922 effet,
1257 1872 1306 1911 ab
1337 1872 1486 1910 univer--

198 1938 243 1976 fis
271 1937 309 1976 se
342 1937 518 1977 relietum
553 1938 890 1983 animadverterat.
928 1936 1148 1976 Familiares
1176 1944 1308 1974 tamen
1336 1933 1487 1984 aliquot

200 2000 391 2050 amicique
422 2013 494 2050 pro
523 2014 570 2038 eo
601 2000 729 2039 adhuc
765 1998 1087 2049 propugnabant:
1118 2009 1288 2048 quorum
1316 2009 1393 2046 ope
1418 1996 1486 2034 vix

198 2063 250 2102 ad
277 2071 430 2113 portam
445 2063 708 2113 Trigeminam
726 2064 762 2102 ἅ
784 2061 989 2101 sublicium
1016 2067 1177 2110 pontem
1202 2058 1397 2108 pervenire
1419 2070 1488 2107 po.

199 2127 288 2166 tuit.
321 2126 377 2165 ibi
411 2116 645 2175 Pomponius
676 2136 792 2174 eques
823 2123 1024 2162 Romanus
1055 2122 1090 2159 Sc
1119 2117 1286 2158 Licinius
1326 2116 1435 2170 (sive
1456 2116 1488 2154 is

202 2186 390 2227 Laetorius
409 2186 511 2235 fuit)
549 2199 656 2226 more
688 2184 847 2225 Coclitis
886 2190 1047 2234 pontem
1082 2179 1239 2228 objectu
1279 2189 1488 2228 corporum

202 2249 356 2290 suorum
378 2248 595 2288 clauserunt
622 2247 867 2287 irruentibus.
902 2244 1093 2296 postremo
1119 2243 1180 2281 his
1205 2253 1382 2292 quoque,
1417 2240 1487 2278 du-

253 2379 430 2422 §XXVIL
452 2375 598 2423 Appian.
613 2377 703 2410 Plut.
727 2376 829 2410 Oros.
855 2387 884 2416 ς,
902 2387 952 2408 12.
975 2375 1012 2407 L.
1032 2375 1161 2417 Ampel.
1180 2373 1251 2405 Cic.
1266 2371 1388 2413 Philip.
1403 2369 1436 2401 &
1450 2369 1486 2418 in

211 2425 351 2458 Catilin.
367 2425 448 2464 4‚6.
463 2425 540 2457 Val.
562 2423 658 2455 Max.
686 2432 775 2465 5,-3.
795 2424 815 2466 ς’
838 2421 993 2455 XXVHI.
1014 2419 1154 2453 Diodor.
1173 2430 1226 2462 ap.
1249 2415 1361 2452 vales.
1377 2413 1480 2448 Oroi„

205 2470 292 2504 mut.
310 2469 436 2503 Austor
459 2470 498 2503 de
518 2469 592 2505 Vir.
610 2469 660 2501 ill.
679 2479 708 2504 c.
728 2467 784 2508 65.
