1632 2641
242 119 302 178 48
373 118 460 166 JO.
496 115 997 163 FRfflNSHEMH
1037 115 1395 163 SUPPLEM.

320 226 446 265 XXV.
475 224 533 263 De
562 221 746 273 Hispania
779 222 970 262 dubitatio
1008 236 1087 262 non
1122 222 1199 262 fuit
1217 252 1228 270 ‚
1255 224 1348 273 quin
1379 221 1417 262 P.
1446 221 1531 261 Sci„

239 289 347 340 pioni
369 296 474 326 extra
497 285 636 324 sortem
660 286 891 325 traderetur:
919 285 1087 325 Siciliam
1112 285 1153 324 C.
1182 284 1337 324 Fulvius
1357 286 1527 335 accepit3

241 364 332 390 cum
356 358 535 400 praetores
558 357 685 387 ortum
710 349 748 386 in
775 361 818 386 ea
838 347 961 386 insula
987 347 1118 387 servile
1145 346 1291 386 bellum
1315 347 1532 397 opprimere

240 409 517 461 nequiviffent3
547 423 636 449 nam
662 413 696 449 <Sc
726 410 807 449 'Piso
833 422 977 460 nuper,
1018 412 1054 449 &
1084 409 1202 449 modo
1231 408 1418 459 Hupsaeus
1442 409 1533 448 victi

243 488 263 512 a
281 473 458 523 fugitivis
484 473 646 511 fuerant.
672 471 763 521 Ejus
789 471 976 522 originem
1002 471 1234 522 initiumque
1262 469 1352 510 belli
1370 469 1533 510 referen-

244 537 340 575 dum
364 534 436 573 effe
458 535 573 582 duxi,
598 542 640 572 ut
664 534 875 582 constaret,
899 532 1047 571 nullum
1066 532 1140 571 effe
1159 545 1278 583 genus
1301 531 1504 571 hominum
1519 562 1532 580 ‚

244 597 347 635 unde
373 595 588 646 periculum
613 609 691 634 non
719 595 761 633 fit
789 597 905 634 etiam
936 593 1173 633 validissimis
1194 594 1396 645 imperiis,
1423 594 1462 632 ni
1491 593 1535 631 fit

245 659 286 697 in
312 657 460 707 legibus
489 659 524 696 &
547 656 743 703 moribus,
776 656 882 705 quod
907 656 944 693 in
972 654 1190 704 reipublicae
1221 655 1430 704 perniciem
1457 655 1532 693 itu—

242 729 283 759 ra
307 719 408 758 mala
443 719 511 758 diu
543 729 634 759 ante
665 716 893 769 providere,
921 718 956 756 δι
984 716 1023 753 in
1052 715 1134 765 ipso
1162 715 1306 754 semine
1341 716 1532 765 opprimen

246 794 287 820 re
318 780 444 832 possit.

302 849 450 891 XXVI.
480 847 967 900 Postquam‚Hannibalici
990 845 1082 886 belli
1108 845 1206 895 fine,
1222 845 1357 885 accisa
1384 844 1539 886 Cartha-

247 912 472 964 giniensium
503 912 698 964 potentia,
723 912 758 951 &
790 912 886 949 intra
915 910 1021 948 suam
1052 910 1218 948 Africam
1250 909 1444 958 cohibita,
1472 920 1539 959 per

249 988 371 1016 annos
403 975 524 1013 ferme
550 974 743 1025 sexaginta
777 973 915 1013 Siciliae
943 971 1190 1022 tranquillam
1220 984 1385 1022 pacem,
1424 979 1539 1022 atque

250 1039 294 1077 in
327 1036 552 1076 fertilissima
579 1035 698 1075 insula
730 1035 877 1074 securas
906 1047 999 1085 opes
1022 1034 1201 1083 reliquit3
1239 1035 1274 1073 δε
1297 1034 1462 1073 Romani
1491 1034 1542 1072 ci-

251 1113 342 1148 veS.,
369 1101 437 1150 qui
469 1098 673 1138 latiFundia
706 1098 758 1137 ibi
779 1097 1021 1149 possidebant
1046 1129 1057 1146 ,
1095 1098 1130 1137 ἅ
1153 1097 1369 1138 Siculorum
1403 1097 1542 1146 multi,

253 1165 365 1204 aucta
382 1165 421 1202 in
440 1161 673 1202 immensum
698 1174 738 1200 re
763 1161 966 1209 familiari,
995 1161 1203 1200 maximam
1226 1160 1420 1199 servorum
1445 1157 1542 1198 mul-

252 1226 460 1265 titudinem
491 1224 660 1275 undique
690 1236 865 1263 coemere
894 1232 1121 1274 coeperunt:
1153 1236 1218 1261 eos
1250 1223 1350 1261 notis
1373 1220 1544 1261 crudeli-

252 1296 313 1327 ter
334 1288 590 1337 compunctos
613 1286 662 1325 ad
691 1286 792 1325 varia
827 1285 1031 1324 ministeria
1069 1282 1330 1330 destinabant,
1366 1281 1543 1322 validiffi·

258 1351 328 1390 mis
352 1348 589 1400 quibusque,
617 1350 652 1388 Sc
680 1349 846 1397 juventae
879 1347 1017 1385 robore
1053 1346 1302 1393 florentibus,
1330 1345 1378 1383 ad
1403 1356 1542 1395 pecora

261 1413 450 1465 pascenda
474 1411 670 1463 ablegatis.
701 1410 752 1450 Hi
774 1423 863 1450 cum
889 1409 936 1449 ab
963 1409 1184 1448 hominibus
1211 1408 1381 1458 superbis
1407 1409 1441 1447 Sc
1458 1420 1545 1445 ava-

262 1476 337 1521 ris,
371 1475 471 1512 inter
506 1473 723 1512 durissimos
753 1471 925 1519 labores,
960 1470 1131 1510 famelici
1165 1470 1336 1519 nudique
1362 1464 1556 1507 haberen-'

257 1545 345 1583 tur,
374 1535 596 1574 necessitate
627 1535 716 1574 victi
744 1534 792 1572 ad
821 1532 1023 1571 latrocinia
1051 1531 1392 1570 convertebantur:
1427 1540 1546 1580 utque

262 1611 423 1649 magnus
458 1605 538 1636 erat
561 1596 694 1647 paffim
723 1596 962 1646 perditorum
997 1607 1204 1643 numerus,
1236 1595 1339 1633 brevi
1375 1593 1545 1632 caedibus

264 1665 299 1702 ἃ
325 1662 475 1712 rapinis.
496 1661 627 1699 omnia
660 1658 919 1709 complebant.
960 1658 1005 1697 Et
1030 1657 1268 1696 conabantur
1299 1657 1455 1706 quidem
1480 1655 1548 1694 ob-

261 1726 363 1764 viam
392 1724 446 1762 ire
481 1729 675 1773 praetores.
712 1720 778 1759 sed
806 1726 911 1759 metu
939 1719 1211 1767 dominorum,
1236 1718 1380 1757 etiamsi
1409 1718 1544 1768 depre-

262 1787 482 1828 hendissent
505 1785 656 1834 sontes,
683 1783 870 1836 supplicio
897 1797 976 1823 non
997 1782 1193 1823 audebant
1220 1783 1381 1822 afficere.

317 1859 482 1901 XXVII.
505 1856 623 1908 Quod
644 1857 747 1896 enim
768 1858 847 1906 jam
865 1864 947 1895 tum
968 1857 1007 1894 in
1029 1869 1144 1895 manu
1161 1856 1426 1896 Romanorum
1448 1853 1550 1904 equi-

268 1931 351 1960 tum
377 1918 521 1970 judicia
547 1927 681 1967 erant,
707 1917 864 1969 ejusque
889 1918 1032 1957 ordinis
1054 1918 1230 1957 homines
1264 1916 1405 1956 multos
1431 1917 1470 1954 in
1498 1916 1553 1955 Si-

268 1982 354 2022 cilia
376 1983 520 2022 fundos
535 2011 546 2029 ‚
574 1993 830 2032 magnamque
854 1981 932 2020 vim
956 1981 1190 2019 servitiorum
1217 1979 1466 2018 obtinebant:
1490 1992 1552 2017 ve-

269 2045 448 2085 rebantur
474 2044 734 2094 magistratus,
764 2056 812 2082 ne
839 2044 921 2093 post
943 2052 1145 2093 praeturam
1168 2054 1323 2092 quoquo
1346 2040 1465 2078 modo
1491 2052 1552 2078 ac⁶

271 2107 388 2147 cusati
403 2139 415 2156 ‚
442 2106 490 2146 ab
510 2105 662 2144 inFenfis
691 2104 907 2155 judicibus,
929 2105 1045 2143 etiam
1073 2104 1296 2142 innocentes
1319 2101 1554 2140 condemna-

269 2176 411 2208 rentur.
448 2169 520 2208 His
549 2167 660 2206 rebus
684 2165 823 2212 fiebat,
851 2174 894 2204 ut
918 2167 959 2204 in
986 2166 1067 2204 dies
1099 2165 1219 2214 magis
1250 2162 1442 2213 magisque
1464 2174 1554 2201 con-

271 2229 476 2271 valesceret
499 2228 788 2269 latrociniorum
814 2227 1045 2278 impunitas,
1069 2228 1224 2276 jamque
1239 2239 1319 2264 non
1340 2225 1458 2263 modo
1487 2224 1553 2262 fin-

327 2378 348 2419 §
373 2374 480 2410 XXV.
504 2373 666 2407 Marmor,
688 2371 838 2415 Capitol.
858 2368 934 2402 [iv.
956 2371 1045 2413 Epir.
1067 2369 1144 2402 Vax.
1169 2368 1262 2401 Max.
1285 2379 1326 2409 9,
1348 2367 1380 2401 6.
1402 2368 1488 2402 Flor.
1513 2374 1553 2409 3,

278 2430 331 2461 19.
356 2421 378 2464 §
403 2419 525 2454 XXVI.
548 2418 690 2451 Diodor.
707 2428 760 2459 ap.
786 2415 945 2448 Photium
968 2415 1000 2447 ἃ
1023 2413 1135 2450 Vales.
1167 2413 1254 2445 Flor.
