1632 2641
234 148 251 183 ς
290 127 374 175 rN
418 126 599 174 [οε.
642 126 784 172 Lm.
835 125 985 172 [ται
1025 127 1182 172 mv,
1266 140 1398 186 ‘411

175 235 240 276 IV.
272 236 371 275 Sane
401 247 479 274 non
514 246 617 272 eram
652 232 799 271 nescius
819 263 829 280 ,
857 233 907 272 ob
940 246 1024 272 eam
1059 246 1140 272 rem
1172 233 1218 274 T.
1250 232 1404 273 Livium

121 296 351 345 quibusdam
373 293 602 346 displicuisse
618 308 626 334 ε
652 293 867 344 papamque
884 294 1108 344 Gregorium
1126 296 1291 343 narrari,
1308 295 1401 333 odio

121 357 451 408 superstitionum,
474 370 566 408 quas
588 355 651 395 ille
676 355 924 407 descripsisset
944 355 1227 406 laudaffetque,
1246 364 1326 394 tam
1347 356 1405 393 in-

121 419 259 458 festum
287 421 320 458 ei
352 429 466 470 atque
494 419 633 458 iratum
663 417 797 467 fuisse,
830 427 873 457 ut
898 420 980 468 ejus
1011 432 1125 470 opera
1152 419 1282 458 omnia
1311 418 1406 457 abo-

121 479 200 518 lere
226 489 436 519 conaretur.
475 481 551 520 Sed
576 494 647 531 ego
674 493 800 530 neque
826 480 1007 530 Gregorio
1035 487 1113 519 tam
1134 479 1264 519 laevam
1296 492 1406 518 men-

121 550 201 582 tem
227 542 337 582 fuisse
362 543 618 592 crediderim3
642 546 676 584 ὃς
703 543 778 582 alia
802 544 973 593 quaedam
991 544 1089 582 tradi
1110 543 1158 582 de
1182 543 1320 581 eodem
1335 542 1403 582 illo

121 605 260 652 video,
296 618 378 655 quae
403 605 589 644 studiosus
612 606 781 645 veritatis
810 618 925 644 nemo
952 607 1122 655 recipiat.
1155 606 1290 655 Neque
1316 606 1403 644 sane

121 674 201 705 tarn
235 668 388 719 ineptus
425 668 465 706 in
491 666 550 705 his
583 667 635 706 est
657 667 805 715 Livius,
840 676 883 706 ut
910 680 989 706 non
1019 665 1224 716 aliquoties
1258 674 1403 705 temere

121 730 209 769 finita
224 761 234 779 ‚
253 740 318 770 aut
337 732 482 770 credita
507 728 702 781 prodigia,
721 730 998 780 hominumque
1022 731 1154 768 inanes
1178 730 1407 778 interpreta-

124 792 248 830 tiones
280 802 396 832 taXCt.
438 792 615 832 Ceterum
644 791 833 842 quidquid
864 793 911 830 de
933 791 1001 830 illo
1028 791 1164 837 fuerit,
1196 790 1292 828 mihi
1317 790 1406 829 sune

124 853 185 892 vel
216 854 304 893 ideo
337 854 418 892 ha‘c
449 843 632 893 annotare
667 853 817 904 placet,
845 865 888 891 ut
917 854 980 903 qui
1015 853 1132 892 hodie
1161 852 1275 891 rebus
1303 851 1405 900 ejus-

124 916 232 953 modi
256 915 420 954 multum
443 924 670 962 moventur,
687 915 823 953 eadem
846 914 884 953 se
903 916 1082 961 credere,
1108 914 1319 964 iisdemque
1336 921 1403 952 aut

124 977 343 1026 confidere,
378 985 444 1016 aut
478 977 691 1027 perturbari
725 976 871 1015 discant
891 1009 904 1025 ,
931 990 1013 1026 quae
1048 977 1266 1015 dementata
1297 977 1404 1014 vanis

123 1042 398 1091 opinionibus,
436 1055 609 1092 veraeque
638 1041 833 1092 sapientiae
872 1043 1023 1093 penitus
1060 1044 1192 1092 ignara
1229 1049 1406 1090 tempora

123 1102 380 1153 respexerunt.

177 1175 220 1213 V.
250 1175 392 1214 Eadem
418 1176 521 1214 enim
548 1174 677 1214 adhuc
707 1175 812 1215 fatua
843 1177 878 1215 δε
910 1173 1047 1213 ἱηίὶὶῙΓῑι
1072 1173 1200 1214 fabula
1234 1172 1404 1219 luditur,

123 1247 396 1287 narranturque
428 1240 462 1277 δέ
495 1239 701 1277 audiuntur
734 1251 871 1288 magna
901 1238 1170 1277 asseveratione
1196 1235 1404 1286 pleraque,

124 1298 165 1337 in
197 1299 334 1348 quibus
370 1298 467 1337 nihil
504 1300 546 1338 s1t
579 1299 843 1350 prodigiosum
877 1309 1010 1350 praeter
1042 1299 1244 1338 hominum
1270 1310 1408 1336 amen·

123 1362 242 1411 tiam,
267 1363 350 1413 post
378 1363 517 1403 divinae
540 1364 706 1402 veritatis
732 1375 862 1414 aperta
894 1363 1045 1402 oracula
1063 1394 1072 1411 ,
1097 1361 1327 1411 rationisque
1349 1360 1405 1398 lu-

126 1439 238 1474 cem,
271 1428 306 1466 ἃ
333 1434 391 1465 tot
420 1436 574 1466 aetatum
604 1428 888 1476 experimenta,
917 1426 1045 1465 adhuc
1075 1423 1285 1464 indocilem
1317 1424 1406 1462 ina-

124 1488 187 1526 nia
221 1495 477 1527 contemnere.
514 1489 650 1538 Neque
683 1501 754 1538 ego
782 1487 877 1526 nihil
911 1487 1108 1526 metuendi
1132 1486 1310 1535 cuiquam
1340 1498 1406 1523 au-

127 1552 210 1589 ‹ftor
240 1550 334 1589 sim:
373 1549 460 1588 sunt
491 1550 617 1597 enim,
644 1563 725 1599 quae
760 1563 839 1588 non
866 1549 1086 1595 immerito,
1110 1561 1182 1587 nec
1212 1556 1339 1587 tamen
1361 1555 1406 1585 ut

125 1609 302 1660 prodigia
337 1609 554 1649 timeantur.
593 1611 695 1650 Nam
720 1609 746 1649 fi
771 1610 892 1658 forte,
915 1610 1018 1660 quod
1039 1621 1317 1658 nonnunquam
1341 1619 1405 1646 ac-

125 1671 249 1719 cidit,
277 1671 440 1710 flumina
473 1671 710 1722 restagnent,
737 1682 804 1711 aut
829 1680 928 1711 terra
956 1669 1316 1724 nroveat,bpercelli
1343 1677 1408 1707 at·-

125 1747 201 1784 que
221 1735 470 1774 extimescere
495 1749 574 1775 non
596 1735 850 1775 inhumanum
876 1735 950 1776 est:
974 1735 1039 1774 sed
1060 1734 1241 1774 nimirum
1260 1730 1301 1772 id
1325 1746 1404 1772 non

125 1790 374 1845 prudigium‚
409 1798 444 1835 8:
476 1809 591 1835 omen
620 1805 785 1836 venturae
809 1795 1060 1841 calamitatis,
1087 1793 1152 1833 sed
1182 1794 1334 1832 initium
1365 1795 1402 1832 Sc

123 1857 236 1897 causa
260 1858 448 1908 praesentis
464 1859 540 1907 est3
564 1872 688 1909 neque
711 1867 850 1898 mortes
873 1857 1122 1906 animalium,
1140 1858 1292 1896 ruinam
1314 1856 1404 1896 aedi-

126 1918 305 1958 ficiorum
333 1919 545 1970 significat,
567 1919 633 1959 sed
658 1921 828 1960 adducit.

180 1988 246 2029 VI.
281 1988 415 2028 Cetera
444 1989 585 2036 etiam,
617 1992 863 2040 quantumvis
891 2003 974 2030 raro
1004 1990 1205 2037 eveniant,
1237 2001 1320 2039 quae
1352 1995 1408 2028 ta-

128 2065 219 2092 men
244 2053 360 2092 causis
386 2053 620 2092 naturalibus
646 2053 762 2101 fiunt,
789 2053 829 2092 in
853 2061 1120 2103 portentorum
1151 2065 1314 2090 numero
1338 2064 1407 2101 po-

127 2125 217 2152 nere
245 2125 424 2163 perquam
451 2114 714 2164 importunum
743 2114 807 2153 est.
846 2113 884 2153 Si
911 2112 1074 2152 fulmine
1107 2114 1252 2151 tactum
1283 2112 1406 2160 impe-

126 2174 260 2213 tatoris
277 2172 435 2223 alicujus
456 2173 673 2225 praetoriuin
697 2173 769 2222 est,
790 2173 815 2212 fi
837 2186 955 2224 equus
979 2175 1244 2221 exanimatus3
1269 2173 1405 2212 castro-

127 2247 214 2272 rum
253 2233 430 2273 videlicet
463 2235 816 2286 oppugnationem,
851 2238 887 2275 δε
913 2235 1203 2274 clarillimorum
1233 2236 1406 2274 virorum

127 2298 321 2336 interitum
353 2297 584 2346 significavit.
633 2299 746 2348 Atqui
776 2298 970 2337 necess'um
1003 2298 1081 2344 cst,
1122 2297 1230 2337 salvis
1259 2307 1403 2338 naturae

127 2357 300 2407 legibus,
318 2358 614 2409 frequentissima
639 2360 739 2399 coelo
769 2359 997 2400 descendere
1028 2361 1216 2400 fulmina:
1243 2374 1325 2412 quae
1361 2363 1400 2400 Sc

130 2419 210 2469 ipsa
239 2422 369 2460 omnia
393 2421 432 2460 in
456 2421 612 2473 aliquod
639 2431 739 2462 certe
766 2434 903 2473 corpus
934 2423 1099 2463 incidere
1123 2421 1312 2463 necessum
1334 2422 1399 2464 est.
