1632 2641
225 160 314 202 124
388 137 1411 190 JO.FRE1NSHEMIISUPPLEM;

221 252 339 298 tiam‚
374 248 440 288 sed
469 248 534 288 sua
566 247 643 298 ipse
670 246 845 297 exempla
874 247 1032 286 vicerat.
1065 245 1242 285 Conversi
1278 245 1417 285 deinde
1457 243 1508 283 ad

220 314 396 363 questum
421 314 455 351 δε
478 312 576 359 iras,
600 310 687 362 quid
707 311 809 348 ahud
832 310 939 362 igitur
963 309 1119 361 astaret,
1139 323 1241 360 quam
1265 321 1303 346 ut
1329 308 1420 346 talia
1447 317 1511 344 αιιι

221 375 465 422 vindicarem,
492 384 555 411 aut
573 374 800 425 paterentur?
828 371 991 409 invicem
1020 370 1318 420 interrogabant.
1344 369 1400 407 cm‘
1421 370 1512 406 enim

224 436 421 475 mortalium
451 436 613 487 deinceps
647 435 827 472 caritatem
862 446 926 470 aut
960 433 1224 484 misericordiam
1252 430 1387 484 sperari
1416 427 1510 481 poffi

223 500 322 552 apud
345 513 441 547 eum,
474 499 533 550 qui
559 498 597 535 in
620 511 761 548 puerum
782 496 1020 543 innocentem,
1037 496 1241 546 eundemque
1259 492 1378 544 filium
1393 493 1511 544 suum,

224 571 277 598 tot
308 561 421 598 modis
442 559 601 613 scelestus
621 558 774 611 smffitP
810 558 886 597 Hic
917 570 1006 606 ergo
1046 555 1157 596 dolor
1189 558 1224 595 δε
1265 553 1434 604 reginam
1475 553 1512 590 δε

224 621 416 673 populum
432 620 731 660 Alexandrinum
763 620 866 668 justis
897 618 1056 657 stimulis
1082 617 1258 657 adversus
1273 616 1512 667 Physconem

223 686 323 724 adeo
350 684 604 730 exulceravit,
628 690 671 721 ut
698 681 797 721 nihil
828 683 878 722 ad
908 682 1097 721 summam
1125 680 1376 720 acerbitatem
1404 678 1514 718 odio·

225 760 310 786 runi
335 747 425 786 addi
448 745 553 796 posse
582 745 789 785 videretur.

294 810 419 849 LXX.
450 810 498 848 At
523 807 654 847 Romae
686 819 774 845 cum
803 808 881 855 jam
907 806 949 847 C.
978 805 1229 855 Sempronius
1263 804 1305 844 C.
1324 803 1366 845 F.
1393 803 1436 842 C.
1462 803 1514 843 N.

225 871 466 918 Tuditanus,
498 869 562 919 qui
591 878 727 920 praetor
762 870 800 908 P.
829 867 1019 918 Popillio,
1054 868 1090 907 P.
1115 864 1287 917 Rupillio
1313 864 1400 905 coff.
1432 864 1518 902 sue-

227 944 310 982 rat,
336 931 578 972 consulatum
607 944 698 971 cum
722 931 789 970 Μ’.
823 930 989 980 Aquillio
1014 930 1082 970 Μ’.
1114 929 1155 969 F.
1180 928 1248 968 Μ’.
1274 928 1324 968 N.
1349 926 1514 966 iniisset:
1547 974 1551 979 ,

228 994 440 1046 Aquillius,
465 995 527 1034 cui
550 995 642 1035 Afiae
670 994 746 1033 sors
773 1001 974 1040 evenerat,
996 992 1171 1031 nondum
1196 990 1326 1029 audita
1349 988 1517 1028 deditio-

227 1072 277 1097 ne
304 1057 526 1103 Aristonici,
545 1064 588 1095 ut
610 1055 718 1094 illum
737 1085 748 1104 ‚
774 1055 873 1105 quasi
898 1054 964 1092 suo
988 1051 1184 1102 triumpho
1212 1051 1408 1098 debitum,
1432 1050 1516 1088 Per-

229 1133 357 1172 pernce
379 1120 562 1169 eriperet,
585 1117 733 1167 magnis
755 1114 954 1155 itineribus
975 1115 1014 1153 in
1039 1113 1277 1165 provinciam
1298 1110 1514 1151 festinabat.

228 1196 354 1234 neque
385 1183 570 1232 Perperna
600 1193 682 1219 rem
709 1192 829 1231 prope
857 1178 1076 1217 confectam
1109 1174 1310 1215 videbatur
1347 1172 1517 1213 dimissu-

228 1259 315 1292 rus;
350 1244 716 1296 exspectabaturque
748 1242 873 1292 aliqua
897 1241 997 1280 inter
1020 1239 1138 1278 duces
1159 1238 1353 1277 Romanos
1375 1234 1518 1273 discor-

229 1308 314 1347 dia:
344 1306 408 1346 sed
429 1307 584 1346 fortuna
610 1303 830 1355 composuit
851 1303 959 1342 litem
977 1333 988 1351 ,
1013 1301 1122 1341 alteri
1150 1299 1277 1351 gloriae
1298 1297 1518 1336 indebitum

229 1371 426 1416 fruetuui,
462 1368 571 1408 alteri
600 1367 719 1407 vitam
746 1365 1027 1416 extorquendo.
1056 1365 1158 1404 Nam
1188 1364 1224 1401 ἃ
1258 1360 1306 1399 ad
1334 1359 1517 1399 Aristoni-

232 1446 324 1472 cum
346 1433 446 1472 serus
467 1431 601 1471 consul
627 1430 754 1477 venit,
786 1442 901 1479 quem
929 1440 1018 1466 cum
1040 1423 1216 1466 Attalicis
1242 1421 1422 1463 thesauris
1439 1422 1518 1462 Ro-

232 1509 336 1535 mam
373 1496 559 1546 Perperna
596 1492 849 1545 praeniiserat3
880 1493 915 1530 ἃ
942 1490 1032 1539 hic,
1066 1487 1266 1539 provincia
1298 1485 1515 1532 decedens,

234 1571 323 1597 cum
354 1559 581 1608 Pergamum
614 1555 797 1603 venisset,
835 1553 970 1592 morbo
1007 1558 1206 1600 correptus
1242 1549 1368 1588 vivere
1397 1547 1517 1586 desiit.

233 1621 513 1670 maturavitque
548 1620 630 1668 ejus
665 1631 767 1658 mors
804 1620 841 1657 &
868 1615 1064 1656 Aristonici
1101 1614 1238 1652 fatum.
1281 1611 1385 1662 quod
1413 1612 1519 1649 enirn

233 1682 352 1722 alium
384 1683 432 1721 de
459 1695 505 1720 eo
530 1680 765 1731 triumphare
787 1679 961 1729 iniquum
996 1677 1188 1717 videretur
1205 1705 1215 1724 ‚
1247 1672 1345 1724 juffu
1368 1671 1519 1712 senatus

235 1745 275 1783 in
305 1755 453 1782 carcere
481 1742 732 1793 strangulatus
756 1741 819 1780 est.

292 1807 437 1846 LXXI.
472 1807 564 1846 Non
586 1805 724 1845 desunt
748 1816 875 1844 tamen
892 1835 902 1852 ‚
931 1803 996 1853 qui
1020 1798 1269 1851 triumphasse
1289 1798 1518 1848 Perpernam

237 1869 382 1908 velint:
408 1868 472 1907 sed
501 1868 682 1918 quoniam
709 1866 857 1906 facilius
879 1864 917 1903 hi
944 1876 1065 1903 errare
1089 1868 1318 1913 potuerunt,
1347 1859 1431 1909 plus
1454 1858 1521 1896 ha-

236 1931 327 1971 bere
358 1930 446 1969 fidei
482 1930 716 1969 accuratiora
741 1928 979 1968 tradentibus
1004 1925 1131 1965 debui.
1165 1924 1282 1974 Quod
1316 1922 1402 1961 satis
1427 1933 1520 1959 con-

236 1996 326 2041 stat.
351 1992 526 2043 reliquias
546 1991 692 2032 Asiatici
717 1990 807 2030 belli
830 1991 899 2032 Μ’.
922 1988 1108 2040 Aquillius
1132 1986 1326 2026 confecit:
1350 1984 1520 2034 aliquan-

235 2066 277 2096 to
311 2057 468 2094 minorix
489 2054 628 2102 laude,
658 2053 762 2104 quod
790 2053 838 2092 ad
866 2052 1105 2092 deditionem
1129 2047 1367 2099 quarundam
1391 2045 1523 2084 civita·

233 2128 320 2160 tum
349 2118 668 2164 manturandam,
707 2117 878 2156 fontibus
906 2126 1096 2154 venenum
1123 2110 1333 2151 miscuerat.
1389 2107 1435 2148 In
1463 2120 1523 2145 ur-

237 2182 287 2220 be
320 2193 376 2220 res
401 2179 527 2219 adhuc
549 2178 779 2218 turbulentae
801 2186 926 2224 erant,
952 2175 1200 2227 gliscentibus
1224 2173 1264 2212 in
1291 2172 1372 2211 dies
1396 2170 1523 2217 tribu<

238 2242 344 2281 nitiae
374 2241 572 2281 seditionis
595 2240 811 2279 fomitibus,

286 2383 303 2417 ς
328 2376 445 2408 LXIX.
467 2374 612 2407 Diodor.
643 2379 660 2413 ς
686 2372 791 2405 Lxx.
814 2372 888 2404 Cic.
915 2370 955 2403 ad
978 2370 1084 2404 Attic.
1105 2378 1166 2411 13,
1187 2376 1240 2410 31.
1258 2366 1374 2400 Justin.
1400 2363 1466 2412 36⁸,
1489 2372 1525 2402 4.

240 2421 390 2507 {ugssp.
406 2419 615 2507 ligo-Strab.
637 2419 662 2452 1.
682 2429 736 2460 14.
761 2416 862 2451 Oxos.
885 2426 922 2457 5,
945 2426 998 2452 10.
1023 2416 1102 2453 Val.
1120 2413 1216 2446 Max.
1233 2422 1273 2456 3,
1288 2423 1322 2452 4.
1337 2410 1463 2450 Vellel.
1479 2417 1499 2438 2
1513 2430 1526 2450 ‚
