1632 2641
224 106 328 152 :IN
373 106 544 154 LOC.
590 107 727 153 LIB.
775 108 958 154 LXVIII
1008 110 1154 158 LIV.
1299 115 1430 173 333³

159 212 265 254 XVI.
300 213 389 253 Hoc
414 227 514 264 opus
550 214 642 253 dum
679 214 838 254 demisso
867 215 974 255 vultu
1007 216 1117 256 miles
1145 217 1387 268 aggreditur,

107 288 129 314 a
163 275 363 314 calonibus
388 284 513 314 ortum
546 290 681 326 pugnae
710 278 859 315 initium
885 278 956 316 est:
992 281 1057 328 qui
1090 283 1272 329 aquatum
1301 293 1392 320 cum

105 336 246 382 armis,
274 336 399 385 qualia
426 337 564 385 cuique
585 336 660 375 sors
685 336 897 384 obtulerat,
923 338 1086 387 profesti
1104 370 1114 387 ,
1144 351 1231 378 cum
1257 353 1278 379 a
1302 352 1393 390 pau-

107 396 160 434 cis
204 396 369 437 hostium
407 397 669 446 turbarentur,
701 398 850 437 sublato
883 399 1051 438 clamore
1088 413 1221 440 manus
1259 402 1393 440 conse-

108 466 286 501 ruerunt:
321 473 492 510 aegreque
520 460 684 499 militem
711 462 933 500 continebat
950 462 1120 510 Μεῐὶυε,
1149 464 1196 502 de
1224 463 1393 514 agasoni-

109 518 178 556 bus
198 520 429 567 &jumentis
451 519 848 569 sollicitum‚donec,
870 522 1130 562 Ambronibus
1149 524 1188 561 in
1210 523 1393 573 proelium

106 580 405 630 procedentibus
421 611 432 629 ,
456 581 534 631 ipse
556 595 707 633 quoque
732 584 905 622 instruxit
930 583 1029 625 suoS.
1055 584 1251 624 Exercitus
1276 585 1391 624 hosti-

105 640 153 680 lis
180 641 285 681 haud
310 643 499 693 postrema
528 657 611 694 pars
639 645 852 684 Ambrones
879 655 1004 694 erant,
1044 647 1093 685 ad
1135 647 1290 695 triginta
1319 646 1392 685 ho„

106 703 254 741 minum
281 703 424 753 millia,
449 718 658 756 eorumque
680 706 848 745 maxime
883 720 997 757 opera
1022 707 1112 746 vicli
1137 706 1294 747 Mallius
1315 707 1395 747 Cae.

105 766 247 816 pioque
272 766 513 807 dicebantur.
1013 778 1016 781 ’

162 828 286 867 XVII.
315 829 387 877 Hi,
405 829 494 868 licet
515 829 635 868 onusti
658 829 746 868 cibo
762 860 773 879 ‚
788 843 969 880 meroque
986 830 1130 868 accensi
1160 839 1289 878 erant,
1313 843 1395 869 non

107 896 236 927 tamen
266 890 520 940 incomposito
564 891 684 940 gradu
702 921 715 937 ,
742 904 864 941 neque
891 891 1091 929 incondito
1117 890 1264 930 ululatu
1283 921 1295 939 ,
1328 891 1393 930 sed

108 950 323 989 militariter
360 951 617 990 incedebant:
653 964 742 991 cum
779 951 889 1002 pulsu
919 965 1113 990 armorum
1147 954 1181 992 σε
1215 954 1394 1003 tripudiis

108 1025 251 1050 nomen
289 1013 505 1051 Ambronum
535 1013 802 1064 increpantes,
838 1015 942 1063 quod
980 1013 1046 1052 fibi
1086 1025 1396 1064 cognomentum

108 1084 157 1110 ex
182 1071 434 1112 latrocinandi
455 1073 609 1113 licentia
639 1074 876 1123 sumserant,
906 1080 1011 1127 (nec
1036 1076 1138 1114 eniin
1169 1078 1291 1126 gentis
1317 1076 1396 1115 ho:

107 1133 343 1173 vocabulum
369 1134 422 1173 est
439 1134 478 1187 z)
496 1147 620 1184 eoque
636 1134 794 1175 Galfridi
817 1145 991 1186 tempore
1015 1136 1255 1175 Britannicus
1272 1135 1395 1176 sermo

108 1195 321 1235 nebulones
359 1196 605 1247 significabat.
645 1199 695 1237 At
725 1197 823 1237 hanc
856 1200 1066 1250 antiquitus
1097 1199 1396 1250 appellationem

109 1258 225 1296 etiam
243 1258 399 1308 Ligures
426 1258 647 1298 habuerant.
674 1261 769 1310 Ergo
794 1273 881 1299 cum
897 1291 908 1308 ,
926 1261 965 1299 in
985 1263 1108 1311 prima
1132 1263 1212 1300 acie
1229 1262 1398 1301 colloca-

109 1322 136 1360 ti
149 1352 160 1369 ,
177 1321 282 1360 hunc
302 1320 511 1360 clamorem
528 1321 728 1369 audissent,
743 1324 848 1374 ficum
869 1322 930 1374 effi
946 1338 1068 1361 nomen
1091 1324 1369 1373 ingeminantes
1383 1354 1395 1371 ,

110 1384 217 1423 haud
246 1385 433 1423 minorem
459 1385 694 1423 rediderunt.
733 1385 878 1424 Ceteris
908 1385 1021 1424 etiam
1047 1386 1224 1435 utrinque
1252 1387 1395 1436 copiis,

110 1454 155 1485 ut
183 1446 256 1485 suis
285 1446 471 1485 adderent
495 1445 665 1485 animum
683 1477 695 1495 ,
723 1446 1076 1495 conclamantibus,
1098 1447 1277 1486 ferociter
1299 1460 1399 1486 con-—

111 1509 259 1549 cursum
287 1510 350 1549 est.

183 1570 327 1616 XVIII„
364 1570 440 1610 Sed
470 1565 683 1609 Ambrones
711 1570 752 1608 in
781 1569 997 1608 transcensu
1023 1570 1192 1609 fluminis
1221 1582 1394 1620 occupa-

112 1640 174 1670 tos
197 1631 352 1681 Ligures
388 1630 658 1670 turbaverunt:
692 1643 783 1669 mox
811 1630 993 1669 Romanae
1019 1630 1219 1681 legiones,
1249 1645 1269 1670 a
1304 1632 1399 1670 locis

111 1693 369 1743 superioribus
384 1705 521 1742 magna
537 1693 574 1730 vi
593 1691 857 1730 incumbentes
871 1723 883 1740 ‚
905 1692 1133 1731 retruserunt
1149 1692 1196 1731 ad
1218 1705 1370 1732 amnem
1385 1707 1398 1738 ·,

113 1748 321 1806 multisque
348 1756 446 1793 inter
472 1755 816 1793 consternationem
848 1764 984 1794 mutuo
1007 1756 1302 1806 impedientium
1323 1765 1398 1794 tru-

113 1820 277 1867 cidatis,
301 1819 365 1869 ipsi
397 1832 576 1869 quoque,
606 1830 718 1857 amne
743 1817 946 1869 superato,
982 1817 1147 1869 reliquos
1177 1828 1399 1858 convertere

113 1883 237 1919 aciem
264 1894 341 1918 non
367 1880 498 1926 ausos,
527 1881 576 1919 ad
602 1880 839 1919 munimenta
864 1880 1116 1931 plaustrorum
1132 1911 1143 1929 ,
1164 1880 1304 1934 quibus
1324 1894 1396 1930 pro

112 1942 214 1982 vallo
234 1943 463 1989 utebantur,
489 1941 678 1992 prosecuti
706 1940 802 1981 sunt.

168 2004 279 2043 XIX.
309 2004 369 2043 Ibi
393 2017 483 2042 vero
505 2003 680 2043 terribilis
705 2006 740 2043 ἃ
767 2004 871 2042 foeda
898 2003 975 2041 visu
1000 2003 1119 2042 facies
1148 2003 1235 2043 fuit.
1263 2003 1397 2042 mulien

114 2076 174 2102 res
199 2077 218 2102 c
252 2079 286 2103 m
310 2065 501 2105 horrendo
528 2065 694 2104 clamore
723 2069 757 2105 ὃς
788 2065 958 2114 ululatii,
988 2065 1124 2116 gladiis
1152 2079 1197 2104 ac
1225 2067 1399 2116 bipenni-

115 2125 189 2165 bus
217 2128 332 2176 raptis
350 2160 363 2175 ,
400 2130 499 2167 inter
525 2140 692 2168 armatos
720 2129 929 2179 Erinnyum
959 2127 1083 2178 specie
1110 2129 1400 2177 discurrebant,

116 2200 196 2227 non
218 2186 303 2227 suos
326 2190 476 2237 minus,
499 2204 613 2240 quam
636 2190 782 2230 hostem
796 2220 807 2239 ,
826 2192 1063 2241 impetendo.
1080 2193 1275 2243 proditores
1297 2191 1399 2229 enim

164 2318 186 2359 5
211 2318 302 2351 XVI.
323 2318 413 2352 Plut.
438 2319 574 2363 Apoph.
608 2322 705 2355 Rom.
743 2336 771 2356 c.
798 2334 852 2367 29.
873 2324 905 2356 &
929 2324 1019 2356 Mar.
1044 2335 1073 2355 c.
1106 2324 1160 2356 28.
1187 2322 1289 2356 Oros.
1319 2323 1404 2357 Fest,

119 2363 241 2405 Veget.
270 2373 308 2405 3,
336 2374 388 2396 10.
422 2364 442 2403 ,Ε
471 2364 576 2397 XVII.
612 2368 644 2398 θ.
666 2369 733 2410 αἱς.
769 2370 804 2401 in
838 2368 957 2402 Euseb.
984 2381 1018 2402 n.
1046 2368 1144 2403 1060.
1182 2367 1291 2402 Gal-ff.
1316 2367 1387 2399 His-4

117 2406 245 2442 Britan.
275 2410 318 2450 ὃ,
348 2407 389 2449 6,
419 2419 458 2450 14
487 2408 519 2442 δε
553 2420 607 2455 23.
631 2414 720 2444 mut.
