1632 2641
214 129 278 192 96
358 128 453 176 JO.
493 90 1002 172 FRE1NSHEM11
1039 125 1406 173 SUPPLENn

211 237 255 274 id
279 236 379 288 agit,
405 247 445 272 ut
471 247 546 271 cum
569 233 726 271 omnibus
749 232 882 285 legibus
915 235 1116 272 Romanum
1137 233 1313 285 imperium
1333 239 1503 283 corruat}

210 301 272 352 qui
298 298 538 350 rempublicam
554 297 697 348 salvam
723 297 867 344 volunt,
895 311 944 335 me
961 296 1161 348 fiquarztur.
1187 297 1258 336 His
1286 297 1420 345 did‘tis,
1446 296 1503 336 laa'

216 362 318 399 cinia
335 369 450 410 caput
471 357 680 397 obvolvens
700 357 792 396 ibat.
827 357 1054 407 sequebatur
1078 358 1320 408 optimatium
1339 372 1498 409 agmen,

215 426 317 472 togis
350 422 492 460 sinistro
524 419 683 460 brachio
711 420 982 466 circumdatis,
1023 418 1157 458 obvios
1188 420 1357 470 quosque
1394 420 1506 469 disji-

216 485 347 522 ciens:
385 483 531 532 quippe
563 480 790 530 dignitatem
832 481 999 518 virorum
1029 480 1179 518 reveriti
1217 479 1394 519 homines
1423 492 1504 519 non

216 544 458 592 resistebant,
483 543 546 581 sed
562 573 573 589 ,
599 556 673 592 qua
703 541 860 592 quisque
886 549 1062 591 poterat,
1088 541 1125 579 se
1150 542 1425 592 proripientes,
1447 540 1507 580 lo-

217 620 308 646 cum
325 607 468 646 dabant
493 606 706 644 ruentibus.
730 607 779 644 sit
798 604 875 649 illi,
891 604 1004 654 raptis
1025 604 1288 643 subselliorum
1313 605 1504 655 fragmen-

219 671 268 708 tis
298 675 417 723 (nam
434 667 623 708 subsellia
659 667 782 705 multa
820 666 1002 716 fugientis
1038 667 1158 706 turbae
1185 668 1352 717 impetus
1386 679 1510 717 rupe-

219 731 313 780 rat)
344 731 544 770 Tiberium
572 729 785 780 petebant,
815 727 1000 765 clientum
1030 727 1386 777 mancipiorumque
1410 725 1508 765 mul-

219 793 411 840 titudine,
441 805 532 830 cum
568 791 724 830 sudibus
757 793 792 829 Sc
822 789 968 836 clavis,
1006 802 1098 839 quas
1127 789 1246 828 domo
1276 788 1506 836 attulerant,

220 851 441 895 comitante.
469 857 626 904 jamque
650 854 753 892 caede
782 852 984 891 obviorum
1012 860 1165 901 coepta,
1194 859 1302 890 tanto
1323 851 1508 889 intentius

221 918 337 956 ceteri
364 917 519 966 fugere,
552 928 642 954 cum
668 916 708 953 in
736 914 845 953 turba
866 914 1043 954 Tiberius
1060 945 1070 961 ,
1106 926 1193 952 cum
1222 915 1299 961 jam
1326 925 1511 964 compre-

221 980 479 1025 henderetur,
516 976 666 1016 dimiss'a
696 988 785 1026 toga
807 976 998 1014 tunicatus
1029 974 1150 1013 effuso
1175 973 1310 1020 cursu,
1334 987 1400 1024 per
1429 987 1512 1026 gra.

223 1046 322 1093 dus,
363 1045 427 1094 qui
463 1043 548 1082 sunt
586 1042 698 1092 super
734 1041 985 1092 Calpurnium
1018 1041 1238 1087 fornicem,
1277 1039 1431 1086 abibat,
1467 1039 1510 1078 ni

225 1107 455 1157 corporibus
484 1107 701 1155 jacentium
735 1103 1015 1149 retinentibus,
1053 1100 1248 1153 oppressus
1280 1100 1512 1151 necatusque

223 1169 327 1210 esset.

280 1231 384 1271 LIX.
414 1231 530 1270 Haud
557 1229 738 1280 equidem
768 1229 1018 1276 crediderim,
1037 1229 1175 1279 Naficae
1199 1242 1303 1266 mana
1331 1227 1438 1264 cecidi
1466 1239 1514 1274 e‚·

225 1305 443 1344 quanquam
470 1292 652 1330 traditum
673 1305 692 1330 a
725 1292 952 1341 quibusdam
978 1291 1050 1336 est,
1079 1291 1141 1340 qui
1169 1290 1289 1338 forte,
1313 1290 1416 1339 quod
1443 1302 1514 1339 op-

225 1356 392 1408 press‘um
428 1368 449 1394 a
482 1356 519 1395 P.
548 1356 729 1405 Scipione
759 1353 957 1393 Tiberium
985 1361 1281 1403 compererant,
1315 1354 1398 1400 ejus
1430 1365 1514 1390 non

225 1417 382 1458 consilio
408 1426 556 1456 tantum
582 1418 617 1456 ὁὶ
641 1415 890 1463 auctoritate,
918 1414 984 1454 sed
1010 1415 1124 1453 etiam
1153 1413 1309 1453 vulnere
1323 1422 1514 1464 patratam

228 1483 374 1522 caedem
403 1480 478 1519 effe
503 1487 745 1530 putaverunt.
778 1478 891 1528 Apud
920 1477 1183 1528 diligentiores
1214 1478 1393 1524 invenio,
1421 1488 1513 1516 cum

177 1576 180 1579 -
228 1559 277 1585 ex
311 1544 549 1597 prolapsione
579 1542 615 1581 se
642 1541 861 1588 attolleret,
898 1541 998 1591 pede
1026 1541 1192 1580 subsellii
1227 1554 1247 1579 a
1280 1541 1316 1580 P.
1340 1540 1517 1588 Saturejo

229 1618 464 1658 occupatum
492 1605 593 1653 effe3
630 1606 750 1643 altera
779 1604 919 1642 deinde
945 1603 1058 1653 plaga
1085 1603 1126 1642 L.
1149 1602 1336 1642 Rubrium
1362 1600 1516 1652 gloriari

225 1671 398 1712 solitum.
432 1670 484 1709 ita
512 1683 532 1708 a
560 1667 717 1719 collegis
744 1667 819 1705 suis
847 1667 1070 1706 interfectus
1096 1666 1168 1713 est,
1205 1680 1329 1716 neque
1355 1666 1519 1704 tribuni-

229 1735 272 1772 tii
297 1735 392 1782 juris
419 1732 596 1771 sanetitas
629 1731 662 1769 ei
696 1729 868 1780 profuit,
897 1729 960 1779 qui
995 1728 1097 1778 prior
1125 1728 1222 1767 illud
1244 1728 1283 1766 in
1313 1728 1368 1767 M.
1395 1727 1520 1766 Oc‘ta-

231 1797 295 1835 vio
319 1795 520 1834 videbatur
546 1793 709 1832 violasse.
755 1791 1010 1832 Observatum
1049 1791 1136 1828 lane
1168 1790 1244 1836 est,
1279 1789 1420 1827 nemini
1448 1800 1521 1826 un-

233 1871 375 1909 quam,
408 1858 474 1906 qui
500 1854 658 1905 collegae
694 1854 956 1904 magistratum
984 1850 1217 1902 abrogasset,
1243 1851 1361 1889 vitam
1387 1848 1436 1887 ad
1464 1846 1519 1886 al-

231 1928 357 1958 terum
387 1929 529 1956 annum
558 1914 755 1954 duraviffe.

304 1979 388 2019 LX.
417 1979 505 2018 Hoc
534 1978 640 2015 exitu
668 1975 783 2026 seque
817 1977 852 2015 ὃς
884 1973 1164 2024 rempublicam
1189 1970 1369 2011 turbandi
1401 1969 1522 2010 finem

237 2042 334 2082 fecit
354 2040 504 2089 juvenis
521 2070 533 2087 ,
563 2038 588 2077 s1
617 2051 739 2088 pauca
772 2040 807 2076 ἃ
834 2034 1022 2087 postrema
1048 2034 1268 2085 exceperis,
1300 2031 1523 2072 innocentia

234 2104 322 2143 vitae
337 2134 349 2152 ‚
371 2101 598 2141 claritudine
624 2101 793 2150 ingenii,
809 2098 1009 2138 sanctitate
1027 2097 1237 2148 propositi,
1254 2095 1399 2133 nemini
1422 2093 1523 2142 post-

238 2167 432 2206 ferendus.
466 2163 745 2205 occubuerunt
776 2175 864 2200 cum
900 2176 946 2201 co
974 2161 1152 2199 homines
1181 2157 1345 2209 amplius
1377 2168 1526 2194 trecen-

235 2231 316 2279 tis,
347 2227 507 2269 fustibus
544 2239 679 2266 omnes
704 2228 740 2266 δε
771 2223 966 2276 lapidibus
998 2222 1218 2261 interfecti:
1254 2233 1345 2259 nam
1373 2219 1520 2257 ferrum.

292 2352 312 2392 S
338 2349 555 2382 1V111.V.a1
577 2348 671 2380 Mau.
696 2347 822 2380 Austor
841 2347 881 2378 dc·
899 2347 971 2378 vn
1002 2347 1051 2378 ill.
1075 2345 1200 2389 Vellej.
1222 2356 1261 2385 2,
1285 2343 1424 2376 2..P1ut
1448 2341 1526 2374 Lix

241 2394 267 2426 E
271 2396 333 2438 pit.
359 2401 378 2436 Q
404 2394 488 2426 ΠΧ.
510 2392 599 2425 Plut
622 2393 704 2425 Veli
702 2392 745 2434 ej.
783 2393 803 2433 ξς
825 2390 894 2423 LX.
923 2392 1019 2433 App'·
1017 2403 1066 2423 n
1091 2403 1159 2424 civ.
1185 2393 1209 2423 1.
1241 2402 1271 2423 ι.
1295 2388 1418 2430 Nellej
1440 2386 1522 2419 L‘n.

244 2440 334 2484 kpit.
359 2439 487 2472 Austor
512 2437 552 2471 de
570 2438 643 2473 Vir..
671 2438 719 2470 ill.
741 2437 829 2469 Plur.
852 2437 885 2468 in
907 2435 1052 2469 Gracci..
