1632 2641
176 149 272 201 '268
338 152 434 202 JO.
474 152 975 202 FRElNSHEMII
1021 154 1378 229 SUPPLEMr

170 261 404 311 praedamque
432 261 596 312 benigne
622 261 846 313 pollicitus,
881 263 930 302 ad
958 261 1148 314 reliquum
1174 261 1347 304 laborem
1373 262 1471 300 con}

178 319 318 359 firmat.
757 358 759 362 .

232 381 422 423 XXXIV.
448 382 683 431 Vaccenses,
703 383 916 423 exercitum
943 384 992 423 ad
1018 384 1055 424 se
1083 384 1211 424 venire
1234 383 1469 434 conspicati,

177 443 306 492 primo
341 454 469 494 portas
503 444 746 484 clauserunt:
782 458 901 492 mox,
937 446 1024 495 quia
1061 458 1133 483 nec
1161 446 1239 494 agri
1275 444 1469 484 vastaban-

178 513 266 553 tur,
297 509 331 546 {Q
361 508 612 547 Numidicum
643 510 858 557 equitatum
886 508 959 547 esse
983 508 1216 559 apparebat,
1240 507 1336 561 (hic
1359 507 1469 545 enim.

178 569 257 608 astu
292 570 533 622 imperatoris
565 574 603 611 in
638 574 763 623 primo
795 573 948 623 agmine
972 572 1083 626 ibat)
1115 572 1345 623 ‚Iugurtham
1369 571 1471 619 rati,

181 633 426 683 gestientibus
451 636 592 687 gaudio
620 635 759 675 animis
782 635 937 675 obviam
961 634 1225 675 effunduntur.
1259 632 1467 680 Metellus,

180 694 290 746 supra
315 705 450 737 votum
478 699 607 736 omnia
632 697 837 737 succedere
866 697 1025 744 videns,
1058 697 1161 748 signo
1181 705 1337 748 repente
1355 696 1470 742 dato,

180 761 351 809 equitem
375 762 625 812 peditemque
660 760 805 812 partim,
825 761 874 799 ad
904 768 1033 811 portas
1070 761 1343 810 occupandas,
1370 758 1470 798 alios

182 822 231 860 ad
252 825 397 862 caedem
424 824 635 874 palantium
659 823 832 863 dimittit..
861 823 950 862 Hoc
975 823 1143 862 maxime
1166 823 1284 862 modo
1297 823 1471 862 Vaccen·

180 881 237 920 ses
251 913 262 930 ,
284 897 361 922 non
386 885 486 924 ultra
503 886 665 924 biduum
689 884 754 924 sua
776 884 938 934 perfidia
959 883 1098 932 laetati,
1112 896 1247 935 poenas
1268 883 1466 923 dederunt.

180 944 371 994 oppidum
408 947 602 996 direptum
632 947 708 986 est:
754 945 944 985 senatores
983 959 1120 985 omnes
1154 944 1341 996 supplicio
1377 956 1468 982 con-

178 1003 308 1045 sumti.
335 1006 392 1045 De
416 1007 592 1058 Turpilio
618 1007 800 1058 praefecto
829 1007 970 1046 deinde
996 1007 1196 1057 agitatum.
1225 1005 1331 1057 quod
1364 1005 1474 1044 enim·

178 1077 277 1104 unus
302 1070 479 1107 omnium
503 1068 650 1119 oppido
675 1065 804 1107 clauso
823 1068 990 1107 intaftus
1011 1065 1255 1117 profugerat,
1278 1064 1466 1116 proditio·

182 1126 239 1164 nis
260 1127 521 1168 accusabatur.

233 1190 405 1233 XXXV.
442 1192 709 1232 Intercedebat
739 1191 835 1242 huic
872 1203 965 1229 cum
998 1189 1161 1230 Metello
1196 1188 1390 1238 amicitia,
1428 1189 1473 1230 ὃς

183 1250 340 1301 hospitii
368 1253 633 1293 neceffitudo:
673 1265 798 1303 neque
834 1250 1054 1290 manifestus
1080 1250 1287 1298 criminis,
1310 1249 1373 1288 sed
1398 1263 1469 1300 po-

179 1315 256 1354 tius
289 1315 548 1357 misericordia
578 1318 892 1368 oppidanorum,
927 1326 1022 1365 quos
1053 1313 1272 1353 humaniter
1296 1315 1331 1352 Sc
1359 1312 1472 1352 beni-

179 1389 255 1431 gne
276 1380 523 1428 traCtaverat,
547 1378 775 1418 credebatur
797 1375 959 1416 emissus.
980 1376 1132 1416 Tamen
1153 1375 1201 1414 de
1223 1373 1365 1414 confilii
1386 1373 1468 1413 sen-

179 1438 323 1486 tentia,
351 1448 530 1490 urgente,
556 1442 592 1480 δε
615 1438 709 1479 alios
733 1438 999 1477 inflammante
1011 1437 1158 1484 Mario,
1182 1435 1386 1487 proconsul
1411 1436 1473 1474 in-

180 1503 281 1541 vitus
309 1501 542 1553 supplicium
569 1502 618 1541 de
644 1515 690 1541 eo
713 1501 871 1548 sumfit‚
901 1499 1102 1539 verberato
1131 1500 1234 1549 prius
1259 1511 1363 1537 more
1388 1512 1472 1537 ma-

179 1565 334 1613 jorum3
361 1577 432 1603 nec
453 1565 556 1604 enim
576 1564 671 1603 civis
699 1565 920 1611 Romanus,
947 1563 1049 1602 sede
1075 1562 1180 1601 Latio
1210 1569 1301 1600 erat.
1330 1562 1470 1611 Neque

182 1627 309 1666 multo
334 1627 418 1678 post
451 1628 600 1678 patuit,
635 1626 731 1667 falso
760 1627 808 1665 de
841 1625 1061 1676 proditione
1092 1624 1307 1676 suspectum
1341 1624 1473 1666 fuisse⁸⁴

182 1690 251 1729 nbi
285 1703 374 1730 cum
398 1692 540 1739 ceteri,
562 1689 724 1729 Metello
751 1689 946 1739 aegerrime
978 1701 1059 1727 rem
1088 1688 1257 1734 ferente,
1284 1686 1470 1726 condole-

181 1763 293 1800 rent,
325 1752 527 1806 exsultasse
552 1752 699 1792 Marius
724 1752 868 1799 fertur,
895 1753 931 1791 δι’
960 1750 1087 1801 palam
1112 1752 1153 1789 in
1186 1750 1338 1788 circulis
1359 1753 1472 1804 fisum„

183 1814 249 1851 hoc
279 1828 368 1866 opus
395 1812 614 1862 jaciaviffc:
649 1829 673 1852 a
699 1812 740 1866 se
764 1811 913 1866 hospitis
946 1810 1149 1864 interfiblori
1183 1812 1332 1851 A1etello
1368 1813 1468 1850 diras

183 1875 321 1914 ultrices
349 1887 582 1927 comparatas.

237 1939 428 1980 XXXVI.
461 1939 548 1987 Jam
572 1939 676 1978 enim
705 1937 888 1989 professas
919 1949 1009 1976 cum
1043 1937 1272 1987 imperatore
1304 1936 1467 1975 inimici-

182 2003 255 2042 tias
293 2001 447 2053 gerebat
465 2032 475 2048 ,
503 2000 717 2040 inevitabili
746 2003 851 2052 apud
880 2000 1061 2051 superbos
1097 1998 1331 2047 offenfione,
1369 2000 1467 2040 dum

183 2064 280 2103 alter
317 2076 363 2102 ex
399 2062 534 2101 infimo
571 2061 659 2101 loco
696 2063 744 2102 ad
777 2062 946 2101 summos
980 2060 1145 2100 honores
1183 2060 1339 2109 nititur3
1372 2062 1467 2102 alter

181 2132 290 2170 idem
313 2128 386 2167 effe
414 2128 578 2177 aequari,
607 2128 711 2177 quod
741 2125 930 2177 deprimi,
964 2132 1086 2175 putat.
1113 2123 1269 2174 Quippe
1294 2124 1464 2174 Marius,

183 2203 275 2228 cum
301 2188 450 2236 legatus
478 2199 499 2225 a
526 2186 688 2226 Metello
714 2186 850 2226 duetus
877 2187 917 2225 in
947 2185 1114 2225 Africam
1143 2186 1233 2224 effer
1250 2216 1261 2234 ,
1298 2186 1420 2227 statim
1443 2201 1467 2227 a

181 2250 402 2301 principio,
431 2258 509 2285 non
539 2254 582 2285 ut
606 2245 696 2293 alii,
731 2247 780 2285 ad
807 2248 1103 2297 imperatorem,
1137 2246 1201 2286 sed
1229 2247 1277 2286 ad
1311 2247 1348 2286 se
1374 2261 1466 2288 con-

183 2311 279 2351 {ulta
303 2307 478 2359 fatuaque
498 2308 561 2348 sua
592 2308 722 2347 omnia
747 2308 959 2348 referebat:
986 2311 1021 2348 ἃ
1049 2322 1139 2347 cum
1167 2308 1218 2348 ob
1245 2309 1465 2361 ignobilita-

182 2383 265 2414 tem
299 2371 515 2411 contemtui
540 2369 702 2411 Metello
726 2370 844 2421 effet,
879 2384 999 2422 eaque
1030 2372 1098 2411 fibi
1123 2373 1269 2413 videret
1290 2372 1473 2426 imponi,

234 2480 251 2515 §
280 2477 422 2513 XXXV,
447 2477 592 2524 Appiam.
612 2489 665 2522 ap·
687 2476 802 2514 vales,
825 2477 955 2512 Sallust„
976 2477 1069 2516 plut,
