1632 2641
323 160 401 206 IN
439 159 611 206 LOC
661 158 790 206 LIB.
839 159 970 206 LXX
1023 160 1165 207 LIV
1318 168 1415 223 403

128 265 362 313 haberetur,
389 265 690 316 repetundarum
729 264 1015 338 postulabatur,
1045 266 1262 318 longiffime
1285 280 1306 308 a
1333 281 1415 307 mo

128 327 236 367 ribus
268 329 351 376 eius
380 327 599 367 abhorrenti
632 328 806 366 crimine.

193 388 272 428 LII.
298 389 372 429 Sed
402 389 490 439 quia
522 397 653 427 contra
697 388 993 440 publicanorum
1019 390 1177 441 injurias
1203 391 1324 432 Asiam
1355 393 1419 432 de,

126 451 306 490 fenderat
323 480 332 498 ,
372 449 653 500 conspiratione
686 452 859 501 equitum
879 482 890 499 ,
928 465 1044 502 penes
1085 467 1200 503 quem
1239 455 1418 495 ordinem

128 520 215 553 tum
229 521 336 552 erant
354 513 518 562 judicia,
543 513 655 552 facile
682 517 716 554 &c
740 513 1036 554 calumniatores
1062 515 1282 566 improbos,
1307 518 1342 556 ἃ
1359 519 1421 565 ju-

131 574 237 614 dices
272 576 442 624 perjuros
470 577 603 614 nactus
631 575 693 614 est.
730 575 776 615 Et
806 588 882 626 quo
911 577 1030 626 magis
1056 576 1218 615 sciamus
1239 608 1249 625 ,
1283 577 1417 628 quales

126 636 365 687 potissimum
397 634 573 675 habuerit
610 636 864 685 adversarios,
888 638 1104 688 preecipuus
1127 638 1161 676 ei
1187 639 1421 677 condemna-

79 719 83 725 «
126 698 244 735 tionis
270 699 401 735 auctor
436 695 587 746 Apicius
615 697 782 743 exstitit,
818 696 921 736 baud
949 698 1072 737 minus
1102 699 1146 737 iis
1177 701 1419 750 temporibus

127 759 224 798 luxu
249 759 401 797 infamis
417 788 428 806 ,
451 771 567 808 quam
588 759 716 809 postea
740 759 897 800 Tiberio
920 763 1131 812 imperante
1145 763 1304 803 Marcus
1327 764 1420 805 fuit.

119 822 204 862 *Sed
227 835 283 859 res
313 830 391 860 tarn
418 820 576 871 indigna
597 834 675 860 non
701 821 881 873 oppreffit
900 823 1081 862 virtutem
1104 823 1294 864 clarissimi
1320 827 1419 873 viri,

129 884 196 923 sed
215 883 424 923 illustravit.
456 885 540 932 Jum
559 884 727 934 primum
751 897 876 935 neque
905 885 1086 935 capillum
1111 887 1314 927 barbamve
1336 902 1421 928 reo-

127 959 213 984 rum
233 960 338 985 more
354 947 525 997 promisit
539 977 549 994 ,
566 947 755 986 vestemve
771 949 948 996 mutavit,
963 961 1028 987 aut
1048 949 1273 998 depiecatus
1288 965 1425 1001 quem-

129 1021 245 1057 quam
271 1010 348 1043 est:
375 1012 410 1043 ὅ(
438 1019 527 1041 cum
558 1008 712 1042 suminis
740 1011 980 1053 minoritam,
1009 1010 1048 1046 L.
1076 1008 1228 1058 Craffo,
1258 1015 1315 1053 M,
1342 1017 1420 1054 An-

128 1068 237 1106 tonio
263 1066 396 1105 amicis
423 1072 614 1112 uteretur,
643 1075 822 1105 neutrum
849 1066 1033 1106 adhibere
1061 1068 1183 1109 voluit
1200 1103 1213 1118 ,
1233 1072 1419 1120 injuriam

128 1128 401 1177 interpretatus
429 1125 680 1174 innocentiae‚
703 1125 753 1173 fi,
779 1139 862 1176 quae
888 1127 1010 1167 malos
1036 1131 1266 1181 quandoque
1289 1133 1422 1173 defen-

130 1187 241 1227 disset
268 1186 514 1236 eloquentia,
554 1186 603 1224 ad
635 1199 719 1225 eam
749 1187 789 1224 in
821 1186 888 1226 suo
917 1190 1090 1238 periculo
1125 1192 1334 1242 confugere
1365 1195 1421 1234 vi-

130 1250 307 1288 deretur:
342 1247 503 1298 paulum
541 1249 706 1298 partium
750 1249 792 1289 C.
829 1250 950 1289 Cottae
983 1251 1145 1300 tribuit,
1181 1253 1422 1296 disertissimo

130 1307 390 1355 adolescenti,
414 1307 479 1347 sed
498 1308 578 1348 filio
603 1309 750 1348 sororis.
775 1309 935 1351 Dixit&
960 1312 1111 1352 causam
1136 1312 1241 1353 illam
1268 1328 1313 1354 ex
1337 1329 1422 1367 par-

130 1379 170 1411 te
195 1371 361 1421 quadam
390 1371 439 1420 Q.
467 1369 644 1418 Mucius,
665 1373 729 1421 qui
748 1373 955 1422 proconsul
977 1373 1078 1413 illius
1102 1377 1143 1414 in
1169 1376 1250 1416 Asia
1271 1378 1422 1428 fuerat,

129 1436 279 1483 majore
304 1432 359 1472 vir
382 1432 684 1483 jurisprudentiae
705 1465 717 1481 ,
745 1446 860 1484 quain
889 1435 1119 1487 eloquentiae
1144 1439 1259 1479 fama.

186 1503 287 1544 LIII.
325 1503 504 1542 Ceterum
536 1503 618 1554 ipse
641 1504 679 1544 Ρ.
701 1503 890 1553 Rutilius,
921 1507 1117 1546 Socratem
1147 1508 1422 1551 Atheniensem

84 1560 91 1567 ⁸
131 1567 328 1615 imitatus,
346 1579 434 1605 cum
461 1575 594 1617 praeter
625 1568 807 1618 pecunias
833 1577 991 1618 captas,
1010 1570 1155 1619 multa,
1183 1572 1264 1622 quae
1291 1574 1339 1612 ad
1364 1574 1424 1613 su⁴²

131 1628 348 1680 spicionem
374 1629 590 1680 stuprorum
612 1638 725 1679 atque
745 1628 952 1668 libidinum
972 1632 1226 1682 pertinerent,
1256 1635 1424 1674 audivis-

132 1690 188 1730 set
205 1721 216 1738 ,
241 1691 292 1730 ita
320 1690 541 1741 respondit,
564 1700 606 1729 ut
637 1691 787 1739 obJecfta
814 1691 970 1741 quidem
997 1693 1200 1744 perspicue
1228 1696 1420 1739 dilueret:

135 1761 308 1792 ceterum
333 1765 457 1802 neque
482 1751 711 1802 supplicaret
734 1752 951 1802 judicibus,
978 1767 1100 1804 neque
1126 1755 1286 1796 verbum
1312 1756 1344 1796 ei
1367 1757 1422 1796 ul-

135 1814 218 1855 lum
234 1814 387 1856 mollius
400 1846 411 1863 ‚
428 1824 495 1853 aut
514 1816 592 1854 viro
614 1814 716 1853 bono
736 1815 953 1866 indignum,
970 1816 1163 1864 efflueret,
1192 1818 1319 1868 reique
1339 1833 1427 1864 maf

134 1877 190 1927 gis
219 1876 382 1927 publicae
399 1907 410 1922 ,
433 1889 546 1926 quam
572 1875 676 1915 suam
700 1877 826 1916 vicem
846 1875 1094 1918 miseraretur.
1121 1879 1195 1918 Sed
1219 1878 1303 1928 ille,
1331 1893 1423 1921 cum

135 1939 321 1990 opinione
357 1939 546 1980 bonorum
574 1939 750 1979 omnium
782 1953 852 1990 pro
880 1940 1055 1980 absoluto
1083 1941 1313 1991 haberetur,
1345 1943 1424 1983 sce⁴³

135 1999 214 2044 lere
238 2002 443 2051 judicum,
471 2016 550 2041 non
574 2002 649 2041 fine
673 2004 818 2053 gemitu
844 2005 1032 2051 civitatis,
1058 2004 1109 2044 est
1130 2006 1425 2049 condemnatus,

204 2071 300 2111 LIV.
333 2073 459 2122 Hujus
490 2082 569 2114 tam
596 2072 751 2112 infamis
785 2075 910 2124 operis
936 2076 1129 2126 particeps
1164 2077 1280 2115 etiam
1308 2075 1422 2116 fuisse

138 2132 182 2172 C.
198 2132 344 2172 Marius
360 2135 524 2174 creditur
537 2165 548 2183 ,
576 2148 641 2185 per
657 2135 897 2175 inimicitiam
911 2137 1064 2177 Metelli
1086 2138 1240 2177 infestus
1253 2138 1417 2186 Rutilio,

138 2194 175 2234 &
199 2196 398 2235 communi
425 2196 602 2237 adversus
635 2197 756 2237 bonos
787 2198 904 2247 odio,
945 2211 1107 2249 quorum
1139 2200 1234 2241 veris
1266 2200 1427 2241 meritis,

188 2331 211 2374 ς
237 2330 1289 2378 L1.Ve11ej.2,3.1³1ut.LivAEpit.Cic.deOsat.1,53
1300 2335 1428 2387 §LIL

141 2375 300 2409 Posidon.
320 2388 372 2421 ap.
398 2379 524 2411 Athen
547 2380 618 2412 Cic.
642 2392 674 2412 in
694 2381 819 2412 Brut
805 2389 901 2420 *30-
922 2379 1009 2410 &de
1030 2377 1127 2410 Orat.
1153 2389 1190 2418 1,
1215 2389 1265 2419 ,3.
1295 2380 1315 2423 ζ,
1339 2380 1426 2411 Lm

141 2421 216 2452 Cic.
246 2433 314 2464 pro
350 2423 417 2454 F),
412 2432 481 2465 te]
513 2435 622 2469 c.13
656 2425 744 2460 Idem
773 2428 811 2459 de
843 2423 940 2459 Orat.
962 2424 1036 2458 V.al
1063 2424 1144 2454 Max
1183 2424 1284 2463 uiros.
1308 2424 1432 2467 Vellei.

141 2434 502 2511 Diodor.a1›.vele1,
1078 2492 1103 2499 x

1037 2521 1180 2574 Cczt
