1632 2641
201 108 294 144 '120
365 98 456 144 JO.
494 97 988 146 FREINSHEMH
1035 100 1387 150 SUPPLEM.

206 203 417 248 (ἰώπων,
452 204 616 252 minuit,
657 205 835 245 auxitve:
877 206 1190 257 provinciamque
1224 209 1372 260 populo
1402 211 1486 249 Ro·-

204 277 320 302 mano
350 265 587 303 tributariam
620 264 721 304 fecit.
750 266 815 305 Per
842 268 977 307 eadem
1005 277 1178 319 tempora
1204 270 1307 321 Syria
1333 285 1486 322 quoque

203 338 332 376 regem
358 326 590 365 Antiochum
615 327 757 378 amisit,
787 341 902 379 quem
930 329 1150 370 Parthicum
1179 333 1308 371 animo
1339 332 1485 373 bellum

203 388 357 427 volvere
378 388 612 427 dicebamus.
637 390 738 429 Nam
763 389 848 435 ille,
865 390 937 430 sive
953 391 1149 431 Phrahatis
1169 394 1373 443 praevenIre
1394 406 1486 433 con-

201 449 280 487 filia
304 449 480 497 studens,
510 450 581 489 slve
608 451 731 490 fratris
754 453 954 503 repetendi
979 466 1066 492 cura
1082 485 1093 502 ,
1112 455 1206 503 sive,
1234 457 1339 505 quod
1367 458 1485 507 magis

204 511 364 557 credas,
389 512 658 552 fiorentifflmis
683 514 787 563 regni
817 514 955 562 rebus,
982 527 1070 553 cum
1096 528 1227 566 praeter
1248 518 1395 568 Syriam
1420 518 1487 557 Ba-

205 571 372 623 byloniae
407 574 624 624 Mediaeque
648 577 882 626 imperaret,
911 577 1067 616 minime
1094 588 1316 629 contentus,
1342 590 1488 619 veteres

205 635 473 675 Macedonum
499 629 617 684 fines,
650 640 683 677 Sc
717 638 916 688 poss'effam
940 639 1126 678 Arsacidis
1156 642 1308 693 imperii
1341 652 1489 693 partem

204 700 321 739 armis
350 701 603 750 repetiturus,
637 701 834 750 ingentem
857 702 1073 740 exercitum
1099 702 1315 754 collegerat.

266 760 400 800 LVIII.
424 760 589 799 Centum
618 761 667 800 ad
686 761 877 800 summum
895 761 1012 801 millia
1029 762 1258 803 bellatorum
1283 765 1393 803 fuisse
1416 777 1493 804 cre-

209 822 333 862 ditur:
364 822 554 872 egregiam
580 824 846 872 juventutem,
880 826 915 864 &
947 824 1077 867 multis
1102 825 1357 865 finitimorum
1380 825 1490 864 bellis

212 885 403 923 duratam.
432 885 655 941 Judaeorum
683 887 798 925 etiam
826 886 1016 926 affuerunt
1040 887 1206 935 auxilia,
1242 886 1324 938 ipso
1349 888 1494 926 ducen-

209 953 251 984 te
281 947 453 996 principe
476 960 609 985 eorum
641 947 837 998 Hyrcano.
875 949 950 988 Sed
974 951 1015 988 in
1040 949 1232 988 Antiocho
1251 979 1261 997 ,
1288 958 1332 988 ut
1355 962 1494 999 magna

210 1009 267 1046 vis
292 1008 435 1056 animi,
471 1008 668 1059 multaque
696 1010 745 1049 ad
773 1011 951 1050 virtutem
980 1013 1147 1061 eximia,
1180 1014 1232 1051 ita
1262 1025 1342 1051 non
1366 1013 1493 1051 minus

212 1069 377 1109 luxuriae
412 1069 719 1121 temulentiaeque
747 1071 895 1111 inerat:
938 1072 1076 1122 quibus
1111 1085 1159 1111 ne
1196 1071 1299 1111 bello
1339 1072 1495 1123 quidem

216 1135 383 1184 omissis,
404 1137 576 1186 vigorem
598 1137 788 1176 exercitus
802 1168 813 1185 ‚
837 1139 872 1177 δι
894 1137 975 1187 spes
996 1137 1075 1188 ipse
1095 1136 1177 1176 suas
1202 1137 1381 1187 corrupit.
1403 1137 1497 1175 Tra-

214 1198 333 1236 hebat
367 1199 468 1237 enim
497 1199 677 1238 calonum
708 1201 743 1238 δι
772 1199 960 1245 lixarum,
996 1200 1195 1250 permixtis
1222 1202 1339 1239 etiam
1368 1199 1499 1238 scortis

217 1273 333 1311 atque
370 1261 640 1310 histrionibus,
675 1268 827 1301 tantum
855 1275 992 1313 agmen
1009 1292 1019 1310 ‚
1044 1270 1089 1300 ut
1127 1262 1193 1301 iste
1220 1275 1402 1301 numerus
1431 1262 1499 1300 du-

216 1321 284 1373 plo
300 1352 311 1368 .
337 1335 451 1372 quam
475 1331 733 1370 armatorum,
759 1325 881 1372 major
909 1321 1125 1362 haberetur.

273 1385 370 1424 LIX.
404 1385 640 1435 Sequebatur
664 1385 819 1436 copiosa
842 1386 1108 1426 conviviorum
1128 1381 1322 1437 supellex)
1341 1399 1421 1425 non
1446 1386 1495 1425 ad

216 1444 329 1484 usum
358 1448 495 1494 modo,
525 1446 589 1485 sed
617 1447 731 1485 etiam
753 1447 1046 1486 ostentationem
1076 1447 1211 1496 luxus,
1245 1460 1332 1486 cum
1353 1447 1500 1486 culina-

217 1507 272 1544 ria
303 1520 455 1557 quoque
488 1508 573 1547 vasa
603 1521 650 1547 ex
674 1516 831 1558 argento
860 1518 1110 1558 portarentur.
1151 1510 1294 1549 Eadem
1326 1509 1502 1559 manipu-

217 1565 346 1605 lorum
379 1568 548 1619 specieS,
585 1577 768 1620 tanquam
796 1570 843 1608 ad
872 1584 1056 1620 pompam
1083 1572 1272 1610 exornatis
1291 1570 1501 1614 omnibus,

217 1628 319 1666 adeo
345 1636 387 1666 ut
412 1630 573 1679 gregarii
598 1643 751 1680 quoque
774 1631 912 1669 milites
938 1630 1065 1670 fibulis
1089 1633 1209 1670 aureis
1227 1631 1367 1682 caligas
1394 1631 1500 1670 strin-
1563 1683 1564 1686 Ἴ

223 1696 365 1739 gerent.
406 1692 516 1728 Omen
550 1692 787 1743 expeditionis
813 1692 971 1745 infimstae
1001 1693 1207 1730 hirundines
1231 1693 1338 1745 finffix
1367 1695 1529 1748 ajunt&
1551 1699 1558 1713 s

221 1765 298 1802 quae
322 1752 441 1788 nidum
473 1752 512 1789 in
543 1752 765 1790 tabernaculo
797 1754 888 1805 regio
909 1754 1080 1805 fecerant.
1116 1753 1229 1793 Initia
1261 1762 1390 1792 tamen
1414 1753 1500 1792 laeta

225 1813 262 1850 ἃ
285 1812 486 1862 magnifica
518 1813 695 1861 fuerunt,
724 1815 855 1853 multis
886 1814 1038 1854 obviam
1064 1815 1360 1866 procedentibus
1389 1828 1502 1865 regu-

227 1874 300 1921 lis,
339 1887 433 1924 quos
481 1875 664 1915 Parthicae
697 1876 881 1926 superbiae
918 1878 1054 1917 odium
1095 1879 1144 1917 ad
1190 1877 1280 1917 alias
1320 1877 1506 1927 respicere

222 1936 307 1986 spes
331 1946 519 1987 coegerat.
550 1938 645 1977 lnde
670 1939 813 1978 viribus
842 1940 1053 1989 animisque
1075 1941 1243 1988 auffior,
1270 1949 1312 1978 ut
1335 1940 1502 1989 primum

225 2001 340 2048 copia
373 2012 509 2050 pugnae
535 2001 645 2048 data,
668 1999 815 2040 strenue
841 2002 1083 2052 congreffus,
1120 2016 1259 2052 magno
1282 2002 1416 2051 proelio
1444 2003 1503 2040 vi·-

225 2063 308 2114 Ctor
331 2061 427 2107 fuit,
451 2062 586 2101 Indate
604 2062 829 2103 Parthorum
850 2065 950 2104 duce
968 2065 1191 2116 profligato,
1218 2065 1283 2114 qui
1304 2064 1352 2103 ad
1376 2066 1502 2103 tranli-²

227 2132 313 2161 tum
337 2122 428 2174 Lyci
454 2123 623 2163 fluminis
646 2134 875 2166 occurrerat.

274 2245 289 2278 ς
315 2238 417 2272 LVII.
438 2239 527 2273 Plut.
542 2241 576 2273 in
603 2242 745 2273 Gracch.
769 2253 797 2274 c.
824 2242 879 2274 28.
905 2242 994 2276 Flor.
1017 2252 1058 2282 2,
1075 2253 1129 2274 20.
1153 2243 1262 2275 Tacit.
1284 2253 1299 2284 3
1316 2242 1390 2283 ‚62.
1421 2243 1503 2275 Vel⁶

230 2283 288 2325 lej.
314 2295 352 2323 2,
370 2284 421 2325 38.
446 2284 563 2317 Just‘m.
585 2285 635 2326 38,
650 2296 682 2327 9.
698 2286 841 2328 Appian.
857 2287 983 2330 Syriae.
999 2287 1082 2319 Hist.
1106 2287 1198 2319 misc.
1221 2299 1323 2328 4,2.5.
1349 2294 1364 2326 ᾗ
1386 2287 1504 2319 LVIII.

232 2328 309 2359 Lrv.
337 2328 425 2371 Epit.
454 2329 553 2362 Oros.
572 2328 691 2363 Just'm.
716 2330 852 2373 Joseph.
878 2341 939 2373 13,
963 2331 1013 2363 16.
1039 2331 1162 2364 AElian.
1188 2344 1259 2363 var.
1283 2332 1356 2363 hist.
1372 2343 1388 2362 2
1407 2357 1414 2371 ‚
1440 2343 1494 2369 ¹4-

230 2371 395 2405 Poffidon.
415 2385 467 2416 ap.
490 2373 615 2406 Athen.
644 2386 681 2407 12
696 2401 705 2415 ‚
720 2385 751 2417 9.
777 2379 793 2414 §
819 2375 905 2410 LIX.
928 2375 995 2411 Jul.
1018 2375 1144 2420 Obseq.
1163 2389 1192 2411 c.
1215 2377 1267 2411 88.
1288 2376 1410 2409 hanan.
1428 2375 1503 2408 hist.

229 2418 364 2450 aalmal.
387 2429 438 2459 10,
458 2428 513 2462 34.
534 2417 654 2452 Justin.
