1632 2641
238 122 332 186 398
406 122 499 168 JO.
534 121 1028 168 FREINSHEMII
1070 123 1424 174 SUPPLEM.

238 239 295 269 ter
322 229 403 268 haec
430 227 603 268 consules
633 230 674 268 C.
707 229 890 270 Claudius
918 230 1079 271 Pulcher
1098 262 1108 280 ‚
1134 232 1190 273 M.
1219 234 1407 285 Perperna
1436 234 1524 285 sup·

238 292 489 342 pile-ationem
521 291 569 329 ad
606 290 817 341 pulvinaria
858 292 1026 331 Deorum
1068 293 1290 333 indixerunt
1324 296 1523 346 prodigio-

236 367 321 392 rum
350 352 485 399 causa,
507 353 612 403 quod
637 354 781 395 in.aede
806 354 983 394 Fortunae
1007 356 1191 405 Equestris
1210 350 1319 397 'bubo
1349 370 1525 408 compre-

235 415 376 454 hensus
411 416 508 454 inter
538 428 672 454 manus
710 415 974 466 exspiraverat.
1022 417 1173 457 Faesulis
1208 419 1381 458 fremitus
1416 428 1523 458 terrae

237 476 422 525 auditus;
448 489 541 527 puer
569 489 615 516 ex
642 476 780 516 ancilla
802 485 913 517 natus
943 478 1016 517 fine
1039 479 1227 519 foramine
1254 490 1394 521 naturae
1411 512 1422 529 ,
1449 495 1523 531 qua

237 538 381 577 humor
416 540 630 588 emittitur3
661 540 799 578 mulier
834 539 980 590 duplici
1016 550 1148 581 natura
1177 543 1357 593 inventa3
1390 545 1454 589 fax
1485 545 1526 583 in

237 598 339 638 coelo
374 599 479 649 visa3
506 600 576 639 bos
608 600 737 639 locuta
765 601 914 648 fuerat3
946 613 1108 640 examen
1135 616 1251 653 apum
1286 606 1327 643 in
1355 604 1525 644 culmine

232 664 393 713 'privatae
432 663 571 702 domus
599 663 835 702 consederat.

292 734 378 773 XL.
409 726 612 772 Volaterris
648 733 840 784 sanguinis
865 734 967 773 rivus
998 742 1229 774 manaverat.
1268 736 1403 776 Rornae
1427 736 1526 778 lacte

235 794 401 845 pluerat.
447 795 584 834 Arretii
623 794 701 833 duo
742 796 953 846 androgyni
989 797 1166 845 inventi3
1206 797 1333 847 pullus
1362 799 1527 850 gallina-

239 870 329 896 ceus
357 858 575 908 quadrupes
606 866 738 908 natus3
767 858 930 898 fulmine
957 858 1139 909 pleraque
1166 861 1240 900 iera
1266 861 1428 902 fuerant.
1458 863 1526 902 Po-

235 919 354 970 pulus
389 919 518 959 Cereri
555 921 589 959 ἃ
626 920 853 970 Proserpinae
879 921 1012 971 stipem
1046 922 1147 962 tulit.
1185 922 1359 973 Virgines
1391 924 1527 974 viginti

235 982 383 1032 septem
415 993 571 1019 carmen
609 992 813 1030 canentes,
842 982 979 1021 urbem
1016 982 1280 1023 lustraverunt.
1320 986 1526 1036 Censores,

238 1045 423 1083 recensito
456 1044 616 1093 senatu,
649 1047 683 1084 ἃ
712 1046 766 1085 M.
799 1046 940 1086 Scauro
980 1056 1156 1096 quartum
1195 1050 1370 1099 principe
1402 1049 1526 1099 lesio,

239 1109 400 1148 lustrum
423 1109 600 1146 fecerunt
626 1107 777 1147 sextum
806 1118 921 1158 atque
948 1109 1224 1159 sexagesimum
1242 1141 1253 1159 ‚
1276 1126 1351 1162 quo
1374 1113 1470 1150 inter
1491 1113 1530 1152 se

240 1170 425 1210 consensu
441 1200 453 1219 ‚
476 1184 554 1208 non
580 1172 790 1220 reperitur:
819 1171 1014 1210 censuram
1043 1171 1131 1211 sane
1157 1182 1279 1212 totam
1302 1174 1530 1213 diffimiiitu-

236 1235 329 1274 dine
356 1246 509 1272 morum
538 1235 573 1272 6:
603 1233 869 1283 frequentibus
893 1234 1025 1284 jurgiis
1053 1234 1269 1274 discordem
1297 1236 1406 1275 fuiffe
1431 1250 1531 1275 con-

240 1297 337 1338 stat:
366 1308 455 1334 cum
483 1295 737 1334 austeritatem
764 1305 878 1346 atque
900 1298 1185 1336 contumaciam
1210 1298 1381 1337 Domitio
1417 1298 1529 1338 Cras-

239 1358 322 1406 suS‚
353 1357 586 1396 sumtuosam
615 1358 776 1397 domum
805 1362 840 1398 ὃς
865 1358 937 1398 alia
960 1358 1069 1398 luxui
1093 1360 1425 1410 propioraCraffo
1452 1360 1529 1401 Do-

236 1424 369 1464 mitius
402 1422 623 1472 objectaret.

188 1543 191 1547 .
297 1492 400 1535 XLI.
428 1496 526 1535 Sane
551 1494 674 1534 multa
698 1502 827 1546 egerat
851 1495 1000 1535 Crassus
1016 1526 1027 1544 ,
1053 1509 1135 1546 quae
1162 1495 1286 1535 severe
1312 1497 1528 1545 judicanti,

246 1555 447 1596 censorem
484 1555 590 1595 haud
624 1554 710 1595 satis
736 1556 870 1595 decere
894 1557 1124 1597 viderentur.
1164 1558 1259 1596 duos
1291 1557 1454 1610 scyphos
1481 1572 1530 1598 ex

244 1627 405 1670 argento
430 1619 620 1659 Mentoris
639 1633 755 1659 manu
775 1619 927 1659 caelatos
954 1619 1127 1660 sestertiis
1152 1629 1329 1669 centum,
1353 1622 1429 1661 hoc
1453 1623 1530 1669 est,

242 1681 365 1719 tribus
395 1680 475 1719 fere
502 1680 671 1720 millibus
706 1681 963 1732 imperialium
992 1691 1141 1730 emtos,
1168 1684 1301 1722 itidem
1326 1691 1530 1734 argentum

242 1743 391 1782 facium
420 1741 485 1781 sex
513 1742 681 1782 millibus
714 1744 883 1782 nummis
919 1744 958 1782 in
992 1743 1132 1791 libras⁷
1162 1744 1233 1784 five
1263 1745 1529 1795 imperialibus

243 1806 332 1857 plus
348 1806 475 1844 minus
501 1816 659 1844 centum
685 1806 985 1856 quinquaginta,
1007 1816 1108 1845 emta
1137 1805 1314 1846 habebat.
1350 1806 1412 1845 sed
1435 1820 1530 1857 prae-

241 1869 356 1919 cipue
382 1868 626 1918 magnificam
658 1868 696 1905 In
721 1867 864 1918 palatio
888 1868 1049 1907 domum
1080 1868 1310 1908 adversarius
1344 1869 1526 1917 tax-ibat,

242 1932 486 1982 graviterque
518 1930 721 1980 increpans
760 1932 856 1969 tanti
892 1930 1065 1970 habitare
1100 1931 1322 1978 censorem.
1359 1944 1429 1980 pro
1466 1931 1532 1970 illa

240 1992 451 2031 lestertium
476 1991 641 2042 sexagies
675 1992 754 2044 (ad
788 1999 945 2031 centum
976 1993 1173 2044 octoginta
1203 1992 1321 2032 millia
1347 1993 1532 2042 imperia-

241 2055 360 2104 lium)
376 2055 594 2095 identidem
619 2054 816 2096 offerebat.
851 2057 899 2096 Et
924 2056 1093 2106 Crassus,
1115 2066 1158 2095 ut
1183 2065 1262 2095 erat
1284 2055 1446 2107 praesens
1472 2057 1528 2095 in-

246 2120 360 2169 genio
387 2118 536 2168 semper
553 2149 564 2166 ‚
587 2120 623 2158 ὃς
646 2118 777 2157 faceto
796 2118 928 2168 lepore
951 2119 1103 2166 soliers,
1128 2119 1288 2157 addicere
1303 2120 1343 2170 st:
1367 2119 1530 2169 respon·-

248 2182 327 2229 dit,
354 2183 508 2234 exceptis
528 2183 592 2233 sex
611 2182 802 2220 arboribus.
847 2194 900 2221 eae
924 2181 1030 2221 fuere
1058 2182 1153 2231 loti,
1175 2182 1306 2232 patula
1334 2195 1531 2221 ramorum

247 2246 446 2297 opacitate
468 2244 644 2295 insignes.
681 2243 736 2284 ibi
761 2244 958 2294 Domitio,
983 2261 1025 2284 ne
1057 2260 1125 2283 uno
1150 2247 1283 2298 quidem
1311 2247 1476 2295 denario,
1496 2246 1536 2298 fi

291 2387 313 2432 ξ
338 2387 494 2420 XXXIX.
525 2387 596 2419 Cic.
622 2387 657 2419 in
684 2387 777 2420 Brut.
806 2399 834 2420 c.
858 2398 910 2428 14.
937 2388 969 2421 ἃ
990 2388 1028 2423 de
1051 2387 1148 2422 Orat.
1179 2399 1218 2433 2,
1251 2388 1302 2432 56.
1331 2389 1475 2423 Sueten.
1496 2390 1532 2423 in

255 2441 382 2474 Neron.
406 2452 433 2472 c.
454 2451 485 2474 2.
509 2440 531 2485 5
558 2439 628 2471 XL.
653 2439 736 2473 Fasti
769 2441 921 2485 Capitol.
