1632 2641
197 163 297 222 '264
364 156 990 209 JO.FREINSHEM11
1037 157 1391 206 SUPPLEM.

200 271 272 308 mia
299 269 433 307 abunde
462 266 678 317 pollicitus:
717 278 794 305 non
819 278 917 304 vano
948 265 1051 315 apud
1079 264 1304 304 leviffimam
1331 272 1488 316 gentem

201 330 390 377 consilio,
421 329 457 367 ni
487 329 633 369 Marius
660 328 826 368 educere
857 328 943 367 suos
978 327 1241 379 properasset,
1277 328 1492 378 proelioque

201 400 335 442 coepto
351 423 360 440 ‚
386 390 732 438 Numidae‚frustra
755 390 945 428 retinente
960 389 1174 440 jugurtha,
1196 388 1491 441 postquamali.

200 467 299 505 quos
329 452 512 491 videbant
534 452 699 501 cadere,
727 449 990 504 profugissent.

255 531 388 572 XXV.
413 530 499 579 Jam
522 530 571 569 ad
592 530 753 571 Zamam
778 529 894 568 castra
921 528 1101 576 Meteiius
1125 530 1323 580 posuerat,
1350 529 1492 568 advera-

201 598 321 641 tuque
348 592 460 630 Marii
487 591 627 629 acriter
655 598 782 641 coepta
811 591 1061 640 oppugnatio.
1102 604 1227 643 neque
1249 590 1399 641 segnius
1422 589 1491 628 ob-

201 653 285 693 sessi
306 652 521 692 certabant:
557 662 711 700 tamen,
736 651 822 702 quia
854 652 996 702 sagittis
1025 654 1060 692 St
1082 653 1212 692 fundis
1239 653 1404 693 maxime
1432 665 1496 693 res

203 715 428 766 gerebatur,
443 715 584 766 quibus
598 714 759 753 validior
771 745 782 763 ,
799 727 888 754 cum
909 714 1052 753 sursum
1068 715 1286 763 mittuntur,
1305 715 1491 765 impetus,

202 791 327 830 prono
355 780 458 827 jactu
496 777 681 827 languet,
720 790 788 827 pro
818 777 977 816 meliore
1002 779 1189 818 Romanis
1224 789 1351 827 pugna
1386 788 1492 816 erat:

206 853 373 892 quorum
390 844 425 880 Sc
443 842 642 892 pauciores
656 840 983 890 vulnerabantur,
1002 844 1037 881 ἃ
1050 872 1062 890 ,
1077 842 1182 892 quod
1206 841 1374 880 maxime
1395 851 1494 889 opus

207 915 314 951 erat,
342 902 467 942 hostes
491 916 513 941 a
541 902 667 953 pinnis
700 902 805 942 haud
840 903 1043 944 difficulter
1072 904 1347 943 defendebant.
1391 902 1496 941 Dum

205 964 259 1004 ita
288 965 337 1004 ad
371 977 501 1005 muros
532 972 719 1014 certatur,
747 966 960 1017 intentique
980 966 1159 1014 eventui,
1186 967 1250 1016 qui
1273 965 1322 1004 ad
1352 966 1498 1006 tuenda

208 1030 328 1069 castra
357 1030 480 1070 relicti
506 1029 682 1077 fuerant,
720 1029 930 1070 custodiam
955 1030 1181 1081 negligunt:
1222 1029 1413 1080 ‚Iugurtha
1449 1041 1499 1070 ex

205 1092 416 1143 improviso
446 1104 535 1132 curn
572 1093 718 1143 magnis
750 1093 873 1144 copiis
902 1093 1090 1144 irrumpit.
1135 1092 1383 1132 vulnerantur
1417 1103 1497 1130 cae-

211 1154 434 1205 dunturque
460 1154 701 1205 complures:
730 1162 854 1193 cetera
879 1153 990 1192 turba
1016 1155 1065 1193 ad
1091 1154 1248 1201 urbem,
1271 1153 1337 1192 ubi
1359 1151 1500 1193 Metel,

209 1217 271 1256 lus
301 1216 522 1267 pugnabat,
549 1217 683 1267 fugam
710 1216 888 1255 intendit.
920 1229 991 1255 nec
1014 1216 1180 1267 amplius
1208 1215 1384 1254 homines
1411 1229 1502 1266 qua-

212 1282 392 1330 draginta
426 1279 668 1327 restiterunt‚
692 1278 954 1329 Romanaeque
977 1280 1132 1318 virtutis
1163 1291 1379 1327 memores,
1410 1290 1503 1318 cum

213 1344 419 1384 editiorem
446 1342 561 1393 paulo
587 1341 719 1380 locum
744 1341 1019 1392 occupassent,
1047 1356 1127 1381 non
1147 1350 1356 1392 potuerunt
1381 1353 1504 1391 expu-

209 1406 333 1457 gnari.
367 1416 530 1455 propere
560 1402 711 1442 missum
742 1416 762 1442 a
789 1403 976 1452 Metello,
1012 1404 1116 1454 quod
1147 1405 1277 1444 aderat
1302 1404 1503 1454 equitum,

216 1471 253 1509 ἃ
277 1469 403 1507 statim
426 1468 467 1507 C.
494 1467 621 1507 Mario
646 1467 744 1505 duce
764 1465 954 1504 sociorum
979 1467 1183 1514 cohortes,
1206 1467 1415 1506 Numidam
1439 1478 1504 1504 ex.

212 1532 419 1572 turbarunt
442 1531 580 1570 castris.
614 1530 773 1580 ibique,
803 1531 894 1580 quia
922 1530 1066 1569 vallum
1095 1533 1130 1569 dc
1161 1530 1338 1578 angustiae
1371 1537 1504 1580 porta<

211 1609 302 1636 rum
337 1594 584 1636 morabantur
617 1593 776 1645 fugam,
816 1606 896 1632 non
927 1592 1065 1645 exigua
1097 1593 1295 1643 Jugurthae
1334 1591 1504 1634 militum

214 1657 341 1697 eaedes
365 1657 453 1698 fuit.

271 1733 420 1776 XXVI.
456 1733 514 1774 Ita
549 1732 674 1773 neutri
708 1732 985 1782 imperatorum
1012 1745 1055 1772 ea
1091 1731 1178 1781 die,
1214 1730 1319 1780 quod
1345 1738 1506 1770 conatus

214 1800 369 1845 fuerat,
397 1798 580 1849 perficere
607 1797 852 1838 concessum:
888 1796 1098 1846 urbemque
1126 1794 1341 1845 Jugurtha,
1368 1793 1507 1834 Metel.

217 1860 280 1901 lus
305 1861 422 1900 castra
456 1861 592 1900 tenuit.
630 1860 810 1906 Postero,
845 1859 1031 1909 dispositis
1061 1857 1266 1907 diligenter
1298 1858 1503 1903 omnibus,

220 1926 258 1965 ἃ
276 1924 447 1974 equitatu
472 1935 541 1973 pro
565 1922 690 1961 castris
708 1921 858 1970 locato,
880 1922 1078 1961 Romanus
1103 1922 1151 1959 ad
1174 1920 1506 1971 oppugnationem

217 1986 330 2028 redit.
370 1986 497 2035 Quam
525 1984 591 2024 ubi
618 1983 857 2024 commissam
884 1983 958 2025 effe
992 1996 1039 2022 ex
1071 1983 1240 2022 clamore
1273 1984 1309 2021 Sc
1333 1981 1508 2021 tumultu

218 2063 290 2091 rex
322 2049 531 2100 cognovit3
565 2046 689 2088 subita
724 2048 862 2088 iterum
889 2046 1132 2098 impressione
1161 2046 1304 2096 primos
1337 2044 1507 2094 quosque

214 2110 362 2152 turbat.
388 2109 620 2149 subveniunt
645 2108 732 2157 alii,
760 2122 884 2160 neque
907 2109 1044 2159 procul
1071 2108 1186 2147 muris
1213 2107 1380 2156 equestre
1405 2119 1510 2156 proeo

221 2172 321 2213 lium
350 2172 588 2219 conseritur,
617 2171 778 2222 ancipiti
804 2173 956 2219 Marte,
993 2172 1081 2222 quia
1103 2169 1317 2216 Numidas,
1357 2181 1406 2206 ne
1439 2167 1506 2209 suo

223 2248 333 2277 more
360 2235 483 2273 statim
508 2242 612 2283 terga
635 2234 791 2280 darent,
825 2233 1017 2283 peditibus
1042 2232 1270 2270 intermixtis
1297 2243 1360 2269 rex
1384 2229 1509 2268 firma-

224 2306 342 2338 verat.
373 2298 468 2337 Haec
491 2296 624 2335 omnia
640 2307 728 2334 cum
750 2295 788 2333 in
808 2294 1015 2348 conspectu
1039 2294 1325 2346 oppidanorum
1348 2291 1509 2339 fierent³

275 2445 291 2484 §
315 2440 424 2477 XXV.
444 2441 552 2487 Agcu.
576 2450 597 2485 9
610 2467 620 2483 ,
639 2452 669 2474 ι.
688 2440 821 2476 Sallust,
