1632 2641
320 136 399 184 IN
439 137 608 185 LOC.
648 137 784 189 LIB.
840 138 988 185 LXIV
1041 139 1180 186 LIV.
1314 152 1410 202 239

131 241 240 294 supra
264 246 572 284 memoravimus.
616 245 670 284 Hi
697 245 875 295 precibus
903 247 1159 286 Numidarum
1176 277 1187 294 ‚
1213 247 1249 285 Sc
1274 247 1411 297 popuii

130 307 368 346 sermonibus
397 307 518 355 moti,
555 309 779 357 proximum
818 307 915 345 intra
948 308 1120 346 triduum
1141 319 1277 345 navem
1315 320 1412 347 con-

129 368 362 409 scenderunt
377 384 387 419 3
411 369 616 421 paucisque
630 369 765 409 diebus
780 370 981 409 transvecti
996 371 1146 410 Uticam
1160 401 1170 418 ,
1189 370 1317 409 literas
1339 370 1412 409 mi..

130 430 261 472 serunt
281 434 330 472 ad
359 433 587 483 ,Iugurtham
603 463 614 481 ‚
646 441 843 484 petentes,
870 435 922 471 uti
947 448 1048 486 quam
1075 433 1242 471 celerrime
1269 434 1305 470 in
1320 447 1414 485 pro-q

129 493 285 533 'vinciam
315 497 507 534 accederet:
529 497 570 548 se
593 497 642 533 ad
664 510 739 533 eum
763 511 786 532 a
801 497 929 548 finam
954 495 1070 547 mzſjbs
1095 495 1168 547 effu

185 562 294 601 XIII.
330 562 559 612 jugurtham
586 571 798 613 pugnantes
819 564 987 602 invicem
1012 562 1194 610 afferam,
1225 559 1342 600 timor
1373 564 1412 602 δε

133 623 343 672 cupiditas,
367 624 561 662 incertum
584 624 729 663 confilii
755 625 961 665 faciebant.
995 625 1072 663 vim
1090 624 1301 664 Romanam
1324 637 1414 662 me-

131 683 291 731 tuebat,
323 685 388 723 nisi
413 686 545 735 legatis
577 685 773 735 paruisset:
799 685 956 725 vicissim
982 686 1239 724 inflammatus
1264 686 1412 736 cupidi-

131 755 207 789 ne,
220 746 357 783 cuneta
370 774 381 792 ,
401 745 494 783 dum
518 745 647 784 animo
664 744 933 794 obsequeretur
946 773 957 790 ,
976 742 1118 782 leviora
1134 743 1310 783 ducebat.
1336 746 1411 795 lgi⁴

132 813 196 842 tur
224 805 247 844 Γ]
275 806 531 846 Adherbalem
558 807 828 854 interfecisset,
855 805 1073 855 priusquam
1100 806 1282 845 mandata
1309 806 1418 846 sena-

132 874 196 905 tus
217 880 523 918 exponerentur,
548 870 700 908 veniam
724 867 969 908 admissorum
992 867 1156 916 pecunia
1171 867 1307 905 redimi
1329 867 1416 918 pos..

133 927 174 962 s?
204 928 379 972 sperans,
417 942 558 969 corona
593 930 729 969 urbem
766 929 1044 967 circumdatam
1082 927 1240 966 summis
1264 929 1414 967 viribus

133 994 342 1035 oppugnat.
382 986 448 1025 sed
485 987 623 1027 virtute
660 988 885 1028 Italicorum
917 993 1079 1039 rejectus
1102 1022 1114 1040 ,
1144 1003 1232 1030 cum
1265 991 1417 1029 trahere

135 1054 290 1096 tempus
326 1061 406 1086 non
440 1049 598 1088 auderet
620 1081 632 1098 ‚
673 1064 722 1090 ne
765 1065 913 1091 moram
951 1052 1092 1103 legati,
1127 1055 1163 1092 δε
1193 1066 1306 1098 quem
1337 1061 1416 1099 prae

135 1108 315 1146 omnibus
332 1109 546 1157 metuebat,
563 1112 724 1150 Scaurus
737 1143 748 1160 ,
766 1125 834 1162 pro
859 1111 1100 1149 contumacia
1123 1110 1418 1160 interpretaren-

135 1176 223 1216 tur,
248 1181 336 1208 cum
362 1173 494 1220 paucis
519 1173 708 1223 equitibus
734 1175 775 1212 in
800 1173 1037 1223 provinciam
1061 1173 1181 1210 venit.

203 1240 309 1280 XIV.
344 1242 426 1281 Post
452 1255 578 1282 acrem
605 1243 893 1281 contentionem
922 1241 1149 1289 verborum,
1182 1253 1416 1291 quamquam

137 1315 269 1352 graves
293 1307 406 1343 minae
432 1305 583 1345 senatus
610 1309 792 1354 nomine,
821 1307 858 1343 ni
883 1307 1047 1343 omitteret
1067 1305 1324 1353 Adherbalem,
1351 1304 1419 1343 de..

135 1366 430 1415 nuntiabantur3
460 1367 542 1406 haec
568 1381 720 1418 quoque
742 1368 882 1418 legatio
910 1368 986 1405 fine
1008 1366 1147 1406 effectu
1169 1366 1326 1417 digressa
1352 1367 1419 1405 est.

139 1425 216 1464 Sed
252 1426 316 1464 ubi
345 1427 456 1467 Cirtae
492 1429 540 1467 de
568 1429 702 1467 iterata
732 1428 924 1478 legatione
950 1428 1148 1474 auditum,
1182 1428 1216 1466 ἃ
1246 1427 1336 1465 inde
1360 1426 1426 1465 se·-

137 1488 244 1526 natui
271 1487 497 1538 populoque
531 1489 705 1528 Romano
740 1501 796 1527 res
832 1488 1059 1528 Numidicas
1097 1500 1195 1526 curae
1235 1488 1420 1538 cordique:

141 1550 216 1589 effe
244 1552 434 1590 creditum
469 1553 548 1600 est;
577 1553 709 1596 Italici,
736 1552 883 1603 generis
915 1552 1116 1599 homines,
1153 1564 1317 1602 quorum
1347 1553 1422 1590 vir-

138 1618 220 1649 tute
245 1611 440 1650 defensum
466 1612 591 1651 adhuc
616 1613 805 1663 oppidum
835 1613 987 1660 fuerat,
1014 1612 1166 1659 confifi,
1192 1613 1413 1652 Romanum

140 1673 210 1714 fibi
237 1687 378 1713 nomen
396 1675 567 1725 praesidio
591 1674 768 1714 adversus
783 1675 958 1727 injuriam
980 1675 1060 1713 fore
1074 1705 1083 1723 ‚
1101 1674 1357 1714 Adherbalem
1375 1677 1426 1712 ad

141 1738 344 1777 deditionem
371 1737 633 1789 cohortantur.
662 1755 767 1792 neque
791 1740 894 1777 allud
905 1737 1039 1791 pacisci
1054 1768 1065 1786 ‚
1081 1752 1183 1790 quam
1201 1740 1311 1776 vitam
1327 1739 1425 1777 inco„

140 1799 262 1837 lumem
281 1799 438 1848 jubent:
469 1812 579 1838 cetera
591 1802 741 1853 senatus
764 1800 964 1838 aua‘Yoritate
979 1797 1092 1851 facile
1111 1811 1392 1851 recuperaturum.

197 1872 283 1913 XV.
319 1872 409 1911 Non
442 1879 520 1910 erat
542 1871 692 1921 ignarus
717 1869 932 1918 Adherbal,
960 1883 1075 1920 quam
1103 1882 1238 1920 parum
1261 1870 1349 1908 fidei
1382 1871 1424 1909 in

143 1933 384 1987 pafflonibus
411 1932 607 1983 Jugurthae
633 1931 747 1971 ess'et:
784 1931 847 1969 sed
878 1932 967 1981 quia
991 1930 1172 1979 videbat,
1195 1931 1234 1968 in
1268 1930 1424 1971 illorum

143 2007 262 2033 manu
289 1994 424 2042 situm,
453 2002 494 2031 ut
519 1992 557 2031 se
587 1992 707 2030 invito
736 1990 870 2029 urbem
899 1990 995 2029 hosti
1026 1990 1206 2038 tradant,
1242 2002 1329 2029 cum
1361 1991 1426 2027 in·-

145 2057 235 2097 fulis
268 2058 317 2096 ad
349 2055 579 2108 Jugurtham
611 2055 774 2107 egressus
793 2086 804 2102 ,
833 2054 1081 2111 permittereft
1113 2068 1251 2106 regnum
1289 2054 1424 2091 meliori

145 2120 218 2158 ait:
250 2130 383 2158 tantum
414 2135 535 2167 orare„
570 2127 609 2157 ut
639 2120 781 2171 privato
813 2119 928 2154 vivere
961 2116 1124 2166 beneficio
1152 2113 1281 2167 fratris
1311 2114 1431 2153 liceat.

147 2180 241 2227 Ille,
257 2186 299 2218 ut
322 2181 385 2229 qui
413 2194 608 2232 nunquam
630 2180 716 2218 vivo
736 2177 952 2218 Adherbale
978 2178 1125 2216 firmam
1148 2177 1215 2216 fibi
1231 2178 1427 2216 Numidiae

146 2242 411 2295 poffeffionem
447 2243 529 2282 fore
556 2242 648 2282 olim
682 2241 944 2292 judicavisset,
969 2254 1094 2290 neque
1124 2252 1252 2290 preces
1286 2239 1424 2289 mlius,

145 2306 432 2354 fraternumque
464 2318 636 2353 nomen,
673 2317 797 2355 neque
830 2303 979 2342 senatus
1015 2302 1225 2353 populique
1262 2301 1425 2342 Romani

194 2447 220 2493 5
246 2446 317 2482 xn.
340 2444 484 2482 Diodor.
511 2445 642 2480 Sallust.
664 2447 687 2491 5
712 2445 803 2484 XIV.
825 2445 967 2486 Diodor„
987 2443 1117 2482 sanast,

694 2517 699 2533 l
