1632 2641
221 144 312 191 218
382 141 999 191 JO.FRE1NSHEMII
1039 140 1398 189 SUPPLEM.

267 250 375 290 XIV.
392 250 490 289 Cum
505 250 617 301 igitur
635 250 771 289 eodem
790 260 964 300 tempore
979 249 1057 288 duo
1075 248 1294 288 nobiliffimi
1315 243 1501 298 oratores,

216 313 277 353 m.
300 314 488 352 Antonius
513 326 582 363 pro
599 313 636 352 se
650 345 660 362 ,
680 314 720 353 L.
739 308 884 353 Crall'us
906 327 972 363 pro
991 313 1134 352 Licinia
1159 312 1317 361 dixerit3
1333 325 1505 351 comme-

216 386 370 412 morare
395 374 528 424 paucis
554 373 684 422 lubet,
706 388 787 424 quae
808 383 891 413 tum
913 374 1143 424 eloquentiae
1169 374 1265 412 ratio
1289 374 1508 424 praemium-

220 448 294 485 que
318 436 474 484 Romae,
502 437 642 487 quique
666 435 785 476 habiti
819 444 985 474 oratores
1010 435 1176 474 fuerint:
1203 435 1356 485 quando
1383 436 1506 475 iidem

216 496 411 546 principes
438 495 666 547 plerumque
695 496 858 535 civitatis
886 496 1116 535 exstiterunt.
1153 509 1276 546 neque
1300 498 1427 535 minus
1453 496 1508 535 fa-

218 559 359 596 cundia
374 571 512 609 ,quam
536 559 749 597 eorundem
770 567 989 608 temporum
1015 558 1262 608 imperatores
1286 560 1424 606 armis,
1442 567 1508 602 aut

219 621 473 670 compofitam
498 621 771 669 turbaverunt,
799 631 863 660 aut
884 620 1076 660 turbatam
1104 622 1368 673 composuere.
1399 623 1506 663 Sicut

218 684 325 721 enim
358 695 576 730 armorum,
616 683 665 720 fic
698 683 887 721 orationis
920 694 1061 732 anceps
1100 682 1188 722 usus
1217 684 1290 723 est:
1324 684 1388 734 qui
1416 697 1507 723 cum

217 744 360 782 virtute
385 743 542 796 publice
563 743 818 794 privatimque
843 742 1114 783 celeberrimus
1130 774 1142 793 ,
1178 747 1339 795 quoties
1355 746 1393 784 in
1421 759 1507 797 pra-

219 819 313 844 vum
348 814 650 856 corruptumque
689 805 889 856 ingenium
923 805 1082 854 incidit,
1112 813 1255 856 quanto
1290 806 1417 856 potior
1442 819 1507 845 cu-

218 869 353 919 jusque
375 869 538 908 facultas
567 869 643 915 est,
678 876 784 908 tanto
806 867 1072 908 vehementius
1100 877 1227 908 nocet.
1260 882 1386 919 neque
1419 870 1508 907 dee-

219 939 312 969 runt
340 929 439 969 clara
469 929 664 979 utriusque
696 937 854 968 eventus
881 929 1084 980 exempla,
1121 931 1325 982 postquam
1356 944 1508 982 pauco-

217 1005 304 1031 rum
329 992 457 1032 adhuc
483 1005 670 1041 annorum
696 991 795 1042 gesta
823 992 961 1030 emensi
991 994 1143 1032 erimus.

277 1055 364 1094 XV.
393 1055 469 1094 Sed
497 1055 535 1092 in
559 1067 605 1093 eo
633 1054 751 1092 traua
783 1063 1004 1103 temporum
1022 1085 1033 1103 ,
1068 1056 1110 1093 in
1133 1068 1209 1105 quo
1237 1054 1366 1094 adhuc
1389 1055 1508 1096 versa-

221 1128 332 1164 mur,
370 1117 552 1166 princeps
589 1115 737 1154 senatus
764 1116 820 1155 M.
854 1118 1018 1155 Scaurus
1050 1130 1187 1168 magna
1212 1121 1396 1167 gravitate
1422 1128 1508 1158 tum

223 1177 477 1217 defendendis
503 1176 730 1227 quibusdam
758 1179 855 1226 reis,
880 1186 962 1216 tum
993 1180 1158 1218 maxime
1185 1181 1363 1219 dicundis
1388 1182 1428 1219 in
1452 1180 1507 1220 se-

221 1250 314 1281 natu
336 1240 531 1280 sententiis
556 1240 697 1279 valuit:
732 1254 847 1290 quam
870 1239 1026 1280 laudem
1056 1241 1194 1281 secutis
1222 1256 1375 1293 quoque
1409 1254 1508 1282 teui-

220 1303 378 1355 poribus
404 1303 586 1351 retinuit,
604 1315 691 1341 cum
714 1311 860 1352 partam
885 1302 949 1342 sua
978 1312 1088 1343 aetate
1111 1304 1160 1344 ab
1184 1304 1404 1355 eloquentia
1428 1305 1510 1355 glo-

221 1367 319 1406 riam
336 1397 347 1416 ,
385 1365 652 1416 magnitudine
678 1366 937 1405 recentiorum
965 1354 1245 1417 proetiiribrante
1276 1369 1510 1419 perdidiss‘et.

225 1429 348 1469 Etiam
381 1428 578 1468 familiaris
612 1428 742 1467 Scauri
767 1428 808 1467 L.
835 1428 1005 1467 Fufidius
1033 1429 1072 1467 in
1099 1429 1225 1479 aliquo
1257 1439 1507 1480 patronorum

221 1504 386 1530 numero
423 1491 520 1530 fuit:
563 1492 597 1530 Sc
639 1490 818 1529 inimicus
856 1491 892 1529 P.
926 1490 1113 1539 Rutilius,
1146 1493 1211 1542 qui
1246 1492 1331 1542 plus
1366 1493 1509 1542 ass'equi

222 1554 432 1605 potuisset,
455 1555 519 1592 nisi
543 1555 680 1594 Stoicae
704 1553 895 1603 sapientire
925 1555 1126 1603 addictus,
1158 1555 1347 1595 lenocinia
1372 1556 1509 1596 verbo-

224 1630 308 1656 rum
335 1619 451 1655 etiam
486 1617 525 1655 in
554 1615 725 1667 periculo
757 1614 825 1654 suo
863 1616 1104 1666 repudiasset.
1143 1620 1177 1658 ἃ·
1205 1618 1374 1668 ejusdem
1400 1618 1509 1659 secia}

226 1679 268 1718 C.
293 1678 460 1717 Fannius
476 1708 487 1726 ,
516 1679 567 1728 Q.
592 1678 773 1726 Tubero,
802 1678 1016 1717 mediocres
1043 1680 1083 1717 in
1107 1679 1274 1719 dicendo
1298 1680 1466 1721 fuerunt.

282 1742 388 1781 XVI.
419 1741 459 1780 C.
484 1741 705 1781 Scribonius
733 1740 875 1789 Curio,
903 1741 966 1791 qui
997 1739 1104 1780 velut
1131 1740 1397 1781 hereditariam
1430 1742 1511 1782 elo-

227 1805 393 1853 quentiae
414 1802 680 1853 poss'effionem
711 1803 750 1841 in
782 1802 905 1842 filium
930 1816 975 1841 ac
1002 1812 1185 1854 nepotem
1208 1804 1433 1853 transmisit,
1461 1806 1510 1845 tle

226 1865 369 1904 incestu
402 1878 471 1916 pro
499 1866 576 1905 Ser.
599 1864 733 1904 Fulvio
760 1866 880 1906 dixit:
913 1879 995 1916 quae
1019 1867 1141 1906 oratio
1168 1867 1408 1918 temporibus
1434 1867 1510 1907 illis

227 1928 405 1966 omnium
434 1927 582 1976 optima
607 1918 827 1967 est'habita.
863 1929 939 1968 Sed
964 1928 1100 1968 horum
1128 1929 1288 1980 gloriam
1321 1930 1363 1971 C.
1393 1930 1512 1969 Grac-

229 1989 347 2038 chus,
377 2001 608 2039 quamquam
646 1990 686 2027 in
716 1990 810 2028 flore
836 1991 1001 2039 juventa:
1030 2000 1251 2040 peremtus,
1277 1991 1392 2030 vicit:
1427 1990 1511 2041 ple-

228 2053 314 2094 nior
342 2051 533 2103 prioribus
562 2054 597 2092 &
628 2051 805 2100 uberior,
844 2066 958 2102 quem
986 2052 1120 2102 passim
1148 2061 1189 2090 ut
1209 2054 1404 2104 egregium
1428 2066 1512 2092 ora-

226 2123 350 2155 torem
380 2114 514 2154 Cicero
540 2115 738 2162 nominat,
773 2114 943 2161 Romani
967 2113 1110 2164 eloquii
1134 2127 1278 2164 parens.
1316 2115 1439 2154 Etiam
1467 2115 1510 2155 C.

224 2176 416 2227 Sulpicius
451 2176 598 2224 Galba,
631 2173 667 2215 Sc
696 2176 738 2214 L.
771 2175 1001 2226 Calpurnius
1038 2176 1177 2224 Bestia,
1209 2175 1295 2227 lege
1333 2175 1510 2217 Mamilia

225 2240 432 2289 damnati,
470 2252 548 2278 non
582 2239 755 2278 indiserti
789 2239 971 2279 fuerunt:
1006 2239 1212 2290 Bestiaeque
1241 2239 1279 2277 in
1311 2238 1510 2279 consulatu

275 2366 297 2406 S
321 2365 413 2401 XIV.
447 2364 609 2409 Vellej.2
615 2375 677 2407 ‚.9
700 2364 789 2397 Plut.
815 2366 941 2399 Auster
959 2366 998 2399 de
1016 2365 1105 2398 caus.
1123 2375 1275 2409 corrupt.
1299 2367 1387 2408 eloq.
1404 2377 1432 2398 c.
1455 2365 1508 2408 36.

229 2409 303 2442 Ci.c
326 2410 365 2443 de
384 2410 521 2443 lnv.ent
552 2421 586 2449 1,
614 2391 639 2441 i.
667 2409 686 2451 §
715 2409 791 2443 XV.
821 2411 892 2446 Cic.
913 2412 947 2445 in
973 2411 1067 2445 Brut.
1091 2423 1120 2447 e.
1145 2422 1186 2454 29
1205 2410 1276 2456 iqq.
1308 2410 1436 2445 Auctor
1465 2410 1506 2443 de

230 2455 306 2491 Vir.
331 2456 380 2489 ill.
404 2467 432 2488 c.
456 2465 511 2497 72.
534 2454 610 2490 Val
628 2453 721 2489 Max.
743 2454 840 2498 6‚4.
