1632 2641
211 148 305 196 286
374 110 1440 194 JO.FRE1NSHEM115UPPLEM.

207 256 338 296 adhuc
364 254 619 305 judicabant,
646 253 797 294 vultum
823 253 981 293 universi
1008 258 1253 301 averterunt,
1277 264 1325 291 ne
1350 252 1401 291 de
1422 252 1503 291 fide

208 317 437 367 cujusquam
461 317 541 364 rei,
568 329 650 366 quae
676 315 796 354 relata
822 315 861 353 in
884 314 943 352 his
969 313 1084 363 esset,
1117 313 1296 352 dubitare
1328 313 1505 352 videren-

206 389 283 420 tur.
316 388 422 419 tanta
448 377 626 427 Metelli,
651 385 809 428 tamque
836 377 967 417 testata
996 375 1148 417 civibus
1177 375 1274 426 suis,
1304 377 1507 428 integritas

204 444 293 483 fuit.

261 503 368 545 XVI.
403 502 577 542 Comitiis
599 510 730 542 tamen
759 499 1048 550 consularibus,
1077 514 1149 552 pro
1175 501 1212 543 P.
1243 499 1390 541 Rutilio
1423 501 1506 541 Ru-

206 567 276 616 fo,
307 579 423 616 quem
460 565 631 615 lefatuxii
664 566 703 603 in
739 564 868 604 Africa
897 562 1109 612 habuerat,
1140 566 1175 603 &
1203 564 1267 614 qui
1302 566 1343 603 in
1370 563 1505 603 locum

206 630 249 671 L.
276 629 384 670 Caffii
411 628 588 680 petebat,
613 629 780 678 gratiam
806 626 914 665 suam
943 640 1081 677 parum
1104 627 1309 667 efficaciter
1332 627 1504 678 interpo-

206 693 307 732 suit:
350 690 581 742 praevalente
616 690 673 729 M.
711 689 868 729 AEmilio
903 690 1046 729 Scauro
1087 692 1352 741 competitore.
1396 691 1503 730 Hinc

205 767 356 804 maguae
385 753 483 790 inter
510 751 581 790 hos
610 750 843 791 simultates:
874 751 1189 802 designatumque
1214 753 1401 792 Scaurum
1428 752 1506 791 Ru-

204 817 312 856 tilius
345 814 550 865 postulavit
573 813 764 861 ambitus,
797 816 832 853 Sc
859 813 907 852 ab
935 812 1013 852 hoc
1040 813 1216 853 absoluto
1240 814 1401 853 viciffirn
1434 827 1509 864 po-

204 878 365 916 stulatus
397 876 459 915 est.
499 877 590 926 Quo
619 876 660 914 in
683 876 860 925 judicio,
889 887 979 914 cum
1007 875 1047 914 in
1072 875 1158 915 Rufi
1190 875 1331 914 tabulis
1355 875 1507 914 nomini

205 941 361 980 cuidam
384 938 594 989 adscriptas
618 938 745 978 literas
766 939 818 977 A.
843 939 883 977 F.
908 938 957 978 P.
977 941 1023 977 R.
1058 940 1220 978 Scaurus
1262 938 1502 986 ostenderet,

203 1002 310 1054 idque
341 1001 488 1040 diceret
513 999 596 1051 effe⁷
627 1000 756 1038 Affzcm
779 1000 854 1047 fide
882 999 929 1037 P.
957 998 1117 1045 Rutilii;
1145 997 1317 1036 Rutilius
1344 1005 1474 1037 autem
1491 1028 1504 1047 .,

205 1065 287 1091 ante
302 1055 463 1104 fufium,
486 1057 562 1105 post
588 1054 757 1092 relatum.-
794 1056 835 1094 C.
865 1057 1032 1096 Cannius
1052 1071 1166 1108 eques
1189 1059 1411 1108 Romanus,
1436 1060 1504 1110 qui

203 1115 310 1156 Rufo
330 1115 484 1163 aderat,
510 1113 764 1164 exclamavit,
786 1129 941 1156 neutrum
962 1119 1039 1156 illis
1064 1120 1177 1158 literis
1198 1121 1381 1161 declarari.
1404 1123 1508 1173 Quid

206 1179 317 1229 ergo?
351 1176 476 1226 inquit
513 1176 688 1216 Scaurus.
724 1184 807 1215 tum
844 1177 940 1227 ille,
981 1181 1162 1220 AEmilius
1191 1182 1310 1236 fecit,
1346 1184 1508 1237 pleblitur

206 1238 386 1278 Rutilius.

261 1298 387 1338 RVH.
414 1298 508 1337 Haec
527 1310 573 1336 eo
599 1311 700 1336 anno
723 1299 764 1336 in
788 1297 882 1336 urbe
905 1300 989 1337 ac'ia
1012 1299 1206 1349 comperi,
1230 1301 1266 1337 Sc
1287 1299 1384 1338 duos
1409 1313 1504 1351 prae-

205 1370 310 1401 terea
347 1361 564 1411 triumphos
604 1374 652 1399 ex
684 1360 870 1411 Hispania
891 1361 1135 1412 Thraciaque
1164 1363 1314 1412 ducito&
1347 1364 1396 1413 Q.
1419 1365 1502 1403 Ser-

204 1426 318 1464 vilius
347 1426 478 1474 Caepio
513 1424 560 1463 de
591 1423 800 1471 Lusitanis,
834 1425 869 1463 84
894 1422 1055 1462 clariore
1088 1424 1192 1464 fama
1218 1426 1267 1464 de
1293 1425 1503 1465 Scordiscis

173 1512 177 1518 ·
203 1487 264 1527 M.
290 1486 488 1526 Minucius
517 1486 644 1526 Rufus
662 1516 672 1534 ‚
699 1485 999 1536 triumpharunt.
1031 1487 1108 1527 Sed
1132 1488 1173 1526 in
1201 1488 1387 1528 Numidia
1410 1489 1505 1528 Ma-

204 1546 308 1594 rius,
336 1559 476 1597 magna
498 1557 588 1585 cura
609 1545 805 1585 veteribus
829 1546 1009 1585 exercitis
1031 1547 1175 1598 copiis,
1202 1547 1416 1587 affuefactis
1449 1548 1501 1587 ad

204 1621 366 1648 munera
392 1608 572 1659 casusque
597 1609 743 1648 militiae
765 1609 975 1659 tironibus,
1003 1622 1094 1649 cum
1117 1610 1275 1650 Getulos
1303 1612 1340 1650 ἃ
1361 1610 1501 1662 Jugur-

204 1670 316 1710 tham
344 1670 442 1721 saepe
466 1670 615 1710 levibus
640 1670 788 1722 proeliis
811 1671 996 1718 fudisset,
1026 1674 1174 1721 majora
1202 1671 1329 1711 moliri
1352 1673 1501 1722 coepit:

205 1746 283 1782 quo
311 1732 542 1783 ,Iugurtham
570 1733 618 1772 de
643 1732 792 1773 summa
814 1746 942 1772 rerum
968 1734 1153 1774 dimicare
1179 1740 1352 1784 cogeret,
1380 1733 1502 1785 prius-

206 1808 325 1846 quam
359 1794 585 1834 contrahere
616 1809 638 1834 a
670 1796 818 1835 Mauris
847 1794 990 1835 auxilia
1023 1796 1215 1846 potuisset.
1256 1796 1359 1835 Nam
1396 1795 1503 1834 Boc-

203 1858 439 1908 chus‚saepe
464 1857 581 1896 mistis
609 1859 658 1897 ad
684 1858 884 1897 consulem
908 1859 1051 1898 nuntiis
1067 1891 1078 1908 ‚
1100 1859 1291 1911 quidquam
1316 1858 1414 1910 ahfie
1437 1859 1503 1896 lzo-

195 1921 278 1973 stile
303 1920 440 1967 timeri,
466 1918 633 1957 vetabat.
676 1919 796 1969 Igitur
818 1918 949 1958 multis
977 1919 1133 1969 oppidis
1159 1916 1393 1967 castellisque
1428 1930 1502 1957 ex.-

204 1981 414 2031 pugnatis,
452 1991 543 2018 cum
586 1988 716 2019 tamen
751 1989 1044 2031 praevertentem
1075 1981 1149 2020 alia
1180 1979 1413 2031 Jugurtham
1444 1993 1501 2019 at-

204 2043 360 2081 trahere
380 2042 630 2092 nequivisset,
660 2043 823 2093 Capsam
856 2044 1103 2094 aggreditur,
1129 2042 1309 2092 frequens
1334 2041 1503 2093 incolis,

208 2110 245 2145 ὁὶ
275 2103 409 2146 natura
434 2106 513 2144 loci
545 2107 842 2146 munitiffimum
870 2107 1086 2157 oppidum3
1119 2105 1187 2145 ubi
1215 2104 1503 2146 thesauros'ha-

206 2170 298 2209 bere
336 2169 525 2220 jugurtha
567 2169 842 2218 consueverat,
883 2168 1149 2209 benevolentia
1187 2168 1502 2218 oppidanorum,

207 2246 304 2283 quos
330 2234 522 2271 immunes
540 2262 552 2280 ,
588 2231 664 2271 leni
699 2232 883 2282 imperio,
921 2234 957 2271 ὁὶ
985 2232 1035 2270 ob
1061 2245 1104 2270 ea
1128 2231 1228 2269 fidos
1253 2229 1404 2282 semper
1432 2230 1502 2270 ha.

205 2295 462 2344 bue1at,1'ed
486 2293 605 2344 magis
630 2293 808 2332 locorum
836 2293 1036 2344 asperitate
1068 2290 1248 2331 confisus.

251 2376 273 2416 ξς
310 2374 388 2409 XV
418 2374 613 2418 Vellej.2,
646 2385 698 2406 11.
733 2374 929 2407 Vah-Max
953 2385 992 2415 2,
1024 2385 1075 2406 10
1102 2372 1175 2405 Cic.
1198 2383 1261 2415 pro
1291 2370 1382 2404 Balb.
1407 2382 1434 2402 c.
1465 2380 1496 2408 ς.

208 2421 230 2462 S
254 2420 346 2453 XVI.
373 2419 446 2452 Cic.
471 2420 504 2450 in
530 2419 624 2451 Brut.
641 2430 670 2450 c.
687 2429 741 2461 3.0
765 2418 854 2454 &de
869 2418 968 2455 Orat.
992 2430 1032 2460 2,
1053 2418 1108 2463 69„
1130 2420 1152 2464 g
1176 2384 1286 2453 Xp.VH
1303 2416 1381 2449 Val.
1399 2415 1496 2448 Max.

246 2476 307 2507 ‚9
325 2463 739 2509 Vce11j2,8.5alzust.
