1632 2641
313 125 390 172 IN
423 125 591 173 LOC.
627 126 760 172 LIB.
809 126 960 172 LXVI
1007 128 1152 175 LIV.
1315 126 1404 189 283

116 241 206 279 ves,
232 230 439 282 stipendia,
467 245 599 281 arma,
633 239 757 271 cetera
786 232 889 273 bello
914 232 1023 274 utilia
1043 264 1055 282 ,
1080 246 1170 273 cum
1205 233 1333 285 legato
1361 234 1408 274 A.

117 292 269 334 Manlio
281 325 292 344 ,
309 296 487 346 praetorio
504 296 585 334 viro
600 326 611 344 ‚
626 297 667 334 in
680 295 849 335 Africam
866 298 1040 337 mittere:
1059 297 1137 348 ipse
1162 296 1302 337 milites
1323 296 1411 336 scri-

117 354 230 404 bere,
258 370 338 395 non
366 370 413 396 ex
434 357 610 396 clastibus
638 359 674 397 &c
697 371 806 396 more
838 360 1050 408 majorum,
1073 359 1137 398 sed
1162 360 1290 410 capite
1318 371 1409 398 cen-

115 415 175 455 sos
206 417 417 470 plerosque.
454 420 560 469 quod
593 432 712 470 genus
738 420 885 470 antiqui
918 421 1035 460 duces
1063 420 1307 471 spreverant,
1336 421 1411 459 mi-

113 476 259 529 litiam,
285 490 330 520 ut
352 481 447 520 alios
469 482 659 530 honores,
685 495 763 521 non
788 481 949 521 cuilibet
970 484 1291 522 committendam
1315 483 1412 530 rati,

116 539 182 579 sed
211 543 258 580 iis
275 572 286 591 ‚
315 543 402 593 qui,
432 556 512 583 rem
541 543 750 592 habentes,
777 557 864 583 eam
888 545 1057 594 acceptis
1083 544 1196 583 armis
1224 554 1409 593 tanquam

113 605 272 654 pignori
299 619 498 656 opponere
527 607 761 646 viderentur.

166 665 311 706 Dela
336 667 452 706 Marii
476 667 623 706 faenum
650 666 904 706 diversimode
925 672 1130 717 acceptum
1151 666 1227 715 est,
1252 664 1410 717 quibus-

113 725 204 764 dam
222 728 381 776 penuria
397 728 560 766 aliorum
576 727 745 767 militum
761 727 890 767 fecisse
907 728 1274 779 interpretantibu83
1301 727 1384 766 aliis
1395 757 1408 776 ,

112 797 155 825 ut
169 786 206 826 se
224 788 279 827 isti
301 788 506 829 hominum
523 791 677 841 generi,
695 803 762 841 per
783 790 889 839 quod
914 790 1085 829 maxime
1100 798 1269 828 creverat
1283 819 1294 837 ,
1317 802 1411 828 ven-

113 847 266 887 ditaret.
298 850 414 899 idque
443 863 532 889 vero
561 851 720 901 propius
744 849 929 897 arbitror,
961 862 1049 887 cum
1080 863 1151 900 pro
1175 849 1426 906 obscuritate=
1481 895 1484 900 ,

113 910 262 957 generis
289 909 344 950 sui
374 911 638 951 humillimum
673 924 866 961 quemque
901 914 1071 950 maxime
1096 912 1262 950 studeret
1286 910 1411 950 extol-

112 970 220 1017 lere3
252 971 290 1011 se
318 987 474 1023 quoque
499 974 596 1023 jocis
629 974 822 1014 dicacium
847 973 1061 1013 obnoxium
1083 974 1166 1012 fore
1192 982 1354 1023 putans,
1382 972 1407 1012 fi

109 1033 332 1071 conditioni
360 1035 395 1073 ὁὶ
421 1033 608 1080 fortunae,
629 1035 691 1072 cui
717 1035 956 1084 propinquus
974 1034 1053 1084 ipse
1078 1033 1229 1080 suisset,
1256 1035 1316 1082 jus
1338 1033 1410 1071 mi-

109 1091 248 1131 litandi
275 1102 491 1143 negaretur.
523 1095 568 1134 Et
593 1094 680 1134 fane
701 1096 820 1134 virtus
847 1109 895 1134 ex
919 1095 1033 1134 censu
1062 1108 1139 1134 non
1162 1095 1292 1134 venit:
1324 1107 1407 1133 mo-

110 1154 162 1193 do
188 1155 287 1195 vires
312 1156 538 1207 animusque
565 1156 770 1208 suppetat,
802 1160 837 1197 8<
864 1157 1075 1208 disciplina:
1096 1170 1219 1207 capax
1244 1155 1410 1196 indoles,

109 1217 209 1256 Cum
245 1217 304 1259 his
334 1218 454 1268 copiis
485 1219 635 1259 Uticam
672 1219 803 1269 paucis
831 1219 967 1258 diebus
1003 1221 1227 1269 pervectus,
1259 1219 1409 1256 exerci-

107 1286 192 1316 tum
208 1308 219 1325 ,
240 1279 278 1318 P.
298 1279 444 1319 Rutilio
465 1278 593 1331 legato
611 1280 760 1320 Metelli
783 1281 959 1319 tradente
973 1310 984 1325 ,
1009 1279 1182 1329 accepit:
1213 1280 1301 1329 quia
1319 1279 1409 1319 Me-

108 1338 223 1378 tellus
247 1340 498 1390 conspeetum
522 1341 669 1380 inimici
695 1340 895 1392 fugiebat,
923 1343 1032 1389 cujus
1059 1340 1193 1379 astutia
1224 1354 1303 1379 non
1325 1353 1409 1379 ere-

107 1408 215 1449 ptam
239 1401 360 1440 modo
385 1401 453 1441 fibi
481 1402 746 1452 provinciam,
769 1401 836 1441 sed
859 1403 977 1441 etiam
1002 1400 1160 1452 plebem
1188 1401 1405 1440 Romanam

106 1460 312 1500 alienatam
329 1461 402 1501 esse
417 1493 430 1508 ‚
456 1462 622 1501 rebatur.
1206 1457 1208 1459 ¹

163 1524 215 1564 X.
249 1525 324 1565 Sed
355 1523 431 1564 hoc
459 1525 643 1576 quidem,
681 1525 851 1565 Romam
885 1524 1109 1575 profestus,
1143 1522 1260 1573 longe
1293 1522 1405 1562 aliter

109 1584 250 1631 habere
273 1586 487 1637 comperit,
506 1599 619 1635 cum,
641 1582 821 1626 exstinfta
845 1588 927 1635 jam
953 1586 1114 1641 invidia,
1139 1599 1217 1624 non
1240 1586 1407 1623 minori-

109 1645 182 1685 bus
210 1647 372 1698 populi,
397 1662 512 1699 quam
545 1650 699 1689 patrum
716 1680 728 1698 ‚
760 1646 900 1688 studiis'
925 1649 1174 1699 exciperetur.
1203 1655 1318 1698 atque
1345 1645 1407 1686 illi

106 1710 298 1764 judicium
319 1725 340 1751 a
368 1712 522 1751 tribuno
546 1711 668 1763 plebis
691 1711 855 1752 Manilio
889 1712 1147 1758 intentatum,
1169 1707 1407 1759 triumphus-

109 1784 184 1821 que
210 1772 419 1822 impeditus
446 1787 526 1812 non
550 1774 687 1822 majori
712 1774 880 1824 primum
903 1773 1105 1820 molestiae,
1133 1785 1248 1822 quam
1272 1771 1403 1821 postea

106 1831 263 1882 gloriae,
280 1832 366 1872 fuit.
384 1835 521 1884 Neque
537 1847 626 1872 vero
651 1835 782 1882 anxie,
805 1843 869 1874 aut
885 1833 1043 1874 demisso
1063 1832 1194 1872 animo
1208 1862 1218 1879 ,
1231 1831 1294 1870 sed
1314 1833 1404 1880 jux-

106 1891 146 1933 {a
169 1893 318 1934 solitam
348 1895 453 1934 suam
483 1897 709 1947 gravitatem
743 1904 856 1946 atque
888 1896 1165 1943 constantiam,
1195 1907 1285 1932 cum
1312 1894 1402 1932 data

104 1957 142 1999 ,ei
163 1958 299 1996 concio
327 1957 466 2009 populi
494 1957 610 2007 esset,
633 1957 747 1997 verba
768 1972 837 2009 pro
863 1958 1060 2009 triumpho
1081 1957 1147 1995 suo
1176 1956 1289 2003 fecit,
1306 1968 1401 2008 quo-

107 2014 351 2071 rum'pauca
385 2020 517 2061 adhuc
548 2019 782 2069 noscuntur3
813 2020 938 2060 sensus
965 2019 1140 2059 omnium
1168 2017 1233 2055 iste
1257 2029 1404 2066 prope-

104 2082 273 2137 ‘modum
307 2083 380 2122 fuit
402 2098 412 2123 ι
440 2085 554 2135 Quem
579 2085 624 2121 ab
648 2085 741 2122 omni
768 2075 980 2135 antiquitate
999 2081 1125 2133 Jbletis
1148 2080 1270 2118 habere
1293 2080 1402 2117 Itono-

108 2157 178 2179 ηψπ
205 2144 468 2195 imperatoribus
489 2145 635 2198 vestris,
651 2158 690 2184 ut
704 2175 716 2194 ,
732 2145 909 2199 republica
933 2146 1015 2182 bene
1036 2144 1128 2195 gesta
1143 2170 1155 2188 ,
1176 2141 1325 2193 hajlc'bus
1343 2140 1401 2177 vi·-

108 2204 197 2254 fliS,
213 2206 249 2245 ὅ*
271 2208 426 2245 exercitu
448 2208 637 2257 incolumi,
661 2208 775 2247 urbem
791 2207 1047 2261 triumphantes
1070 2206 1212 2251 inem-125·
1241 2218 1315 2241 eum
1329 2202 1398 2240 mi-

158 2337 179 2372 -8
205 2337 295 2370 vm.
319 2329 412 2372 plut.
440 2339 475 2372 in
503 2340 591 2374 Mar.
612 2352 642 2374 c.
668 2352 720 2374 ιι.
755 2340 884 2373 Sallust.
914 2340 1001 2373 Plin.
1026 2350 1090 2382 33,
1120 2350 1150 2372 1.
1175 2339 1264 2372 Flor.
1296 2349 1334 2381 3,
1364 2349 1396 2369 1.

110 2381 257 2424 Dionys.
282 2383 348 2415 Jul.
371 2384 594 2426 Exsuperant.
614 2385 691 2417 Val.
713 2385 808 2418 Max.
831 2396 869 2427 2,
889 2396 921 2430 3.
945 2385 1054 2429 Agell«.
1081 2384 1141 2425 16,
1165 2394 1217 2417 10.
1253 2383 1400 2415 Diodor.

109 2438 166 2470 ap.
185 2428 297 2465 Hales.
322 2428 546 2471 Quinctilian.
570 2431 654 2463 dect.
682 2440 717 2463 11
733 2454 743 2470 ,
771 2440 804 2464 ι.
