1632 2641
208 131 306 184 344
372 121 462 168 JO.
510 84 1016 169 FRfflNsHEMu
1048 96 1396 175 SUPPLuM.

208 242 292 267 rum
322 229 459 279 jurati,
485 242 600 279 quem
625 229 766 269 deinde
784 225 885 269 inter
905 230 1104 271 manubias
1134 234 1182 284 (ζ
1205 233 1361 309 Catulus
1385 234 1493 276 dom'i

204 290 280 330 suae
302 290 449 329 habuit.

276 352 616 401 L1.cn.1>errej0
642 352 785 393 Atinati
823 353 915 394 facti
951 356 1032 405 ejus
1060 354 1219 406 gloriam
1251 357 1411 399 adscribi
1439 360 1493 399 vi-

208 412 309 452 deo:
344 414 406 463 qui
445 414 620 452 centurio
657 414 840 465 primipili
875 415 1102 464 tribunum,
1140 419 1245 468 quod
1276 433 1343 470 per
1374 423 1492 462 castra

204 472 373 513 hostiurn
396 487 596 526 erumpere
617 476 830 526 dubitaret,
848 477 1062 526 interfecit,
1089 479 1357 532 legionemque
1378 483 1417 521 in
1437 483 1495 523 lo-

143 570 146 571 γ
206 548 297 574 cum
319 537 499 576 tutiorem
521 538 701 578 deduxit:
727 538 952 577 obsidionali
976 552 1116 581 corona
1148 556 1239 582 mox
1261 557 1282 583 a
1306 545 1493 585 militibus

206 597 388 638 donatus.
426 599 547 639 Etiam
578 600 620 640 L.
647 601 797 650 Opimii
833 601 977 640 clarum
1008 610 1090 642 tum
1125 618 1267 644 nomen
1297 605 1393 655 fuit,
1425 606 1493 656 qui

205 668 502 709 provocatorem
527 661 727 701 Cimbrum
752 663 1008 703 interfecerat.
1038 666 1105 705 Per
1129 665 1210 710 haec
1232 677 1407 718 tempora
1433 681 1492 707 ur-

206 722 298 762 bem
323 724 487 763 amentia
506 725 634 774 potius
651 724 817 764 hostium
832 757 843 774 ‚
862 739 976 776 quam
999 728 1142 767 viribus
1167 728 1240 769 suis
1259 724 1493 780 conliliisve‚

204 782 392 825 servatam
418 787 586 826 invenio.
610 794 725 838 quam
750 788 773 826 si
800 788 923 827 statim
946 789 1088 828 infestis
1116 790 1226 840 signis
1249 791 1490 842 petivissent,

205 860 286 887 non
309 849 349 886 in
372 849 840 889 minoreconsternatione
862 848 1040 889 offensuri
1065 850 1238 901 fuerant,
1258 860 1372 903 atque
1395 851 1494 895 olim

205 909 373 948 eandem
410 909 458 949 ab
487 909 639 950 Allienfi
668 923 797 961 pugna
825 910 925 951 Galli
955 920 1316 963 repererunt2nunc
1345 912 1493 953 consilii

207 983 299 1010 cum
327 970 440 1010 sociis
467 973 570 1021 capti
597 986 807 1021 memores,
837 980 879 1012 ut
903 974 968 1023 qui
993 973 1106 1023 primi
1133 975 1316 1014 venissent
1344 977 1383 1014 in
1410 975 1493 1014 Ita-

204 1033 297 1073 liam
313 1065 323 1083 ‚
342 1042 487 1073 ceteros
507 1036 772 1085 opperirentur
788 1065 800 1084 ,
813 1048 948 1085 agrum
961 1036 1060 1075 circa
1075 1036 1226 1076 Athesin
1248 1038 1337 1089 fuga
1353 1038 1493 1078 Roma-

203 1109 345 1136 norum
370 1106 544 1147 apertum
573 1097 648 1136 late
674 1098 872 1148 populati,
904 1111 1011 1137 mora
1034 1097 1126 1138 belli
1158 1099 1198 1137 in
1221 1101 1289 1138 otii
1315 1102 1351 1140 ὃς
1378 1099 1494 1140 luxus

205 1159 447 1200 occasionem
472 1159 596 1207 versa,
628 1160 856 1199 indomitam
886 1162 993 1211 prius
1019 1163 1099 1200 vini
1129 1162 1293 1202 mollitia
1317 1163 1407 1202 coeli
1436 1162 1493 1203 so-

202 1221 310 1273 lique
337 1222 488 1270 Italici,
528 1224 564 1262 &
590 1221 696 1260 cultu
724 1235 769 1262 ac
803 1234 892 1261 cura
920 1235 1129 1273 corporum
1159 1223 1382 1265 delicatiore
1409 1227 1492 1266 fre-

204 1294 357 1334 gerunt

259 1344 342 1384 LII.
382 1343 491 1384 Olim
531 1342 637 1382 enim
673 1355 784 1394 agere
817 1342 886 1382 sub
913 1343 1006 1391 dio,
1042 1342 1160 1383 lavari
1194 1345 1358 1411 frigida,
1393 1348 1491 1387 vesci

207 1405 327 1444 cruda
351 1403 473 1453 soliti,
497 1406 577 1454 jam
598 1404 720 1443 aestiva
743 1403 811 1444 sub
839 1404 949 1444 tec‘tis
970 1405 1189 1456 agitabant,
1210 1407 1316 1457 aquis
1334 1408 1492 1459 calidis,

206 1479 323 1505 carne
348 1469 483 1515 cocta,
509 1466 742 1505 scitamentis
767 1466 882 1505 etiam
902 1469 937 1505 ὃς
966 1467 1196 1516 condituris,
1220 1470 1350 1519 quales
1375 1471 1491 1511 Italiae

206 1528 288 1567 fere
318 1528 558 1567 mollissimus
585 1531 729 1568 tractus
750 1528 923 1567 ‘Venetiae
951 1531 1121 1579 promit,
1156 1529 1385 1572 utebantur:
1419 1546 1489 1583 pro

206 1588 339 1629 labore
356 1620 366 1638 ,
391 1588 530 1640 vigiliis
546 1619 556 1637 ,
585 1589 690 1628 aestus
716 1588 939 1640 frigorisque
963 1591 1172 1640 patientia,
1195 1593 1332 1631 animis
1357 1605 1494 1644 corpo.

203 1652 384 1703 ribusque
411 1651 614 1691 mollitiem
641 1653 888 1693 inducebant.
924 1654 1102 1694 Ceterum
1123 1656 1268 1696 excitus
1295 1670 1316 1696 a
1338 1659 1491 1709 trepido

204 1714 338 1754 senatu
366 1715 407 1754 C.
439 1715 586 1754 Marius
614 1717 653 1755 in
681 1716 815 1755 urbem
846 1725 1028 1765 venerat,
1064 1717 1259 1768 dilatoque
1283 1720 1406 1769 priore
1442 1721 1492 1760 de

204 1775 317 1815 causa
345 1775 567 1829 triumpho„
592 1777 628 1815 Sc
651 1776 738 1826 quia
763 1778 911 1827 optime
941 1780 1100 1817 meritus
1120 1780 1308 1818 exercitus
1335 1780 1490 1829 aberat,

208 1850 297 1877 cum
337 1838 385 1877 de
411 1837 524 1877 rebus
562 1839 743 1878 omnibus
771 1839 1017 1890 collocutus,
1048 1842 1224 1881 adversus
1246 1842 1493 1882 imminentes

206 1909 332 1940 metus
361 1901 551 1952 populum
576 1903 796 1942 Romanum
834 1904 1116 1955 confirmass'et,
1157 1905 1196 1944 in
1225 1906 1339 1944 castra
1366 1905 1492 1946 Catuli

146 1962 149 1963 ⁷
207 1964 430 2014 profeclus,
462 1962 545 2001 suas
573 1965 688 2003 etiam
715 1965 845 2015 copias
878 1975 1014 2006 evocat
1040 1979 1059 2005 e
1080 1966 1317 2006 Narbonensi
1342 1966 1491 2019 Gallia,

206 2024 277 2065 ubi
300 2024 383 2074 post
408 2024 667 2063 Teutonicam
691 2038 861 2076 pugnam
892 2040 954 2066 eas
984 2025 1197 2077 reliquerat.
1528 2022 1535 2029 ’

278 2086 378 2127 LHI.
406 2086 564 2137 Quippe
598 2085 783 2137 Catulus,
810 2096 996 2139 quantum
1024 2088 1064 2126 in
1102 2100 1142 2126 re
1175 2087 1332 2126 obscura
1362 2086 1493 2139 colligi

208 2150 443 2199 conjecturis
472 2149 620 2199 potest,
644 2162 723 2189 non
749 2151 852 2201 prius
878 2151 1074 2191 consistere
1096 2162 1184 2188 cum
1208 2159 1372 2200 pavente
1389 2163 1493 2190 exer-

208 2213 313 2259 citu,
340 2224 453 2262 quam
485 2211 534 2250 ad
560 2212 655 2252 Padi
676 2213 821 2263 ripam,
841 2220 1029 2264 potuerat.
1064 2212 1120 2251 Eo
1146 2212 1238 2250 dum
1263 2211 1490 2261 contendit,

209 2272 455 2312 Cimbrorum
478 2285 563 2323 pars
586 2274 634 2312 ad
657 2286 831 2320 amnem,
853 2287 928 2324 qua
952 2273 1224 2313 transeundum
1239 2271 1375 2313 Catulo
1390 2280 1490 2322 erat,

209 2334 246 2374 se
276 2334 432 2382 objecit.
461 2333 554 2382 Ille,
581 2332 687 2384 spem
715 2346 834 2373 unam
865 2333 994 2373 salutis
1020 2331 1166 2374 habens
1182 2362 1195 2383 ,
1219 2333 1244 2373 fi
1268 2333 1412 2372 flumen
1437 2331 1492 2382 117

253 2430 275 2478 5
308 2434 362 2469 Ll.
385 2434 474 2471 Flor.
495 2434 584 2470 Plut,
613 2434 757 2471 Diodor.
784 2448 838 2480 ap.
863 2436 975 2474 Vales-
