1632 2641
315 111 397 156 ru
439 111 975 159 LOC.LIB.LV11
1032 115 1178 161 LIV.
1331 115 1390 178 63

112 219 186 259 tit:
217 218 463 269 &jugurtha
496 216 652 257 consilio
687 231 878 269 manuque
903 220 1076 261 strenuus
1103 221 1206 262 brevi
1240 235 1396 274 perma-

113 294 225 330 gnam
258 281 408 325 virtutis
435 279 659 329 opinionem
693 278 762 317 fibi
796 281 984 331 peperit,v
1009 285 1057 331 ὁὶι
1079 282 1126 322 ab
1164 273 1393 339 imperatore

110 342 241 385 multis
268 342 478 394 honoribus
503 340 660 380 affectus
692 340 754 380 est,

166 405 290 446 XVII.
311 405 410 445 Mira
437 402 539 442 enim
558 402 797 441 humanitate
819 403 918 443 viros
938 403 1002 443 ille
1028 405 1146 445 fortes
1165 406 1397 459 complec‘te-

110 467 244 506 batur:
273 468 333 512 &,
363 473 477 515 prout
500 472 651 515 tempus
678 473 743 503 aut
771 465 916 504 occafio
947 475 1053 515 erat,
1082 469 1199 508 modo
1236 471 1396 509 munifi-

109 529 235 567 centia
259 527 447 578 donisque
464 558 474 576 ,
503 528 623 565 modo
642 526 846 566 verborum
872 527 1020 567 honore
1044 528 1297 582 laudibusque
1321 535 1396 572 exi-

109 590 195 630 miis
230 589 436 628 liberaliter
466 588 659 628 efferebat.
694 590 795 629 Nam
822 592 857 629 ἃ
883 591 926 629 C.
956 591 1148 642 Marium,
1179 596 1242 643 qui
1272 595 1397 635 fatalis

107 663 205 690 mox
229 649 344 688 hostis
367 648 590 699 jugurthae,
614 658 699 688 tum
728 649 863 688 iisdem
893 650 931 688 in
958 650 1086 690 castris
1113 652 1332 692 tirocinium
1360 657 1396 693 Sc

106 714 186 764 ipse
210 712 405 764 ponebat,
443 712 493 751 ob
519 711 747 763 singularem
776 713 845 752 viri
873 715 1079 764 virtutem,
1101 716 1137 754 &
1161 716 1210 753 ad
1228 716 1395 764 pericula

105 790 152 817 ac
177 777 325 817 labores
350 777 553 827 impigram
590 776 852 824 alacritatem,
875 775 1124 816 vehementer
1153 789 1283 815 carum
1320 777 1395 817 ha-

106 838 250 879 bebat:
291 838 489 889 multaque
521 840 602 888 ejus
628 851 716 889 erga
745 838 914 878 Marium
944 838 1157 878 honorifica
1182 853 1397 878 memoran-

105 912 177 942 tur.
208 903 311 958 Nam
334 901 563 952 proverbio,
585 915 661 952 quo
687 902 773 939 muli
805 903 973 941 Mariani
1000 901 1269 952 appellantur,
1297 901 1396 940 hanc

105 961 291 1011 originem
330 959 439 998 fuiffe
479 958 646 1008 volunt,
694 963 802 1010 quod
838 961 1021 1013 inspicere
1052 962 1207 1002 volente
1242 962 1396 1012 Scipio-

107 1037 180 1074 ne,
220 1022 549 1074 quemadmodum
591 1022 638 1062 ab
674 1036 907 1075 unoquoque
939 1029 1109 1071 jumenta
1147 1032 1394 1067 curarentur,

107 1085 252 1125 Marius
290 1084 482 1134 optimum
519 1097 662 1135 equum
685 1115 696 1133 ‚
736 1084 1071 1136 pulcherrimeque
1105 1082 1310 1131 habitum,
1357 1086 1393 1122 ἀ

104 1147 254 1187 mulum
286 1145 581 1186 robustissimum
623 1148 790 1187 eundem
839 1146 1261 1198 mansuetiffimumque
1299 1161 1394 1198 pro·

105 1209 291 1250 duxisset:
320 1210 409 1249 inde
439 1210 609 1260 factum,
635 1221 678 1250 ut
709 1213 938 1262 imperatore
967 1212 1081 1251 Marii
1113 1214 1287 1261 jumenta
1316 1213 1395 1250 mi·

105 1272 209 1311 ritice
232 1271 555 1321 commendante,
581 1273 745 1311 Mariani
769 1273 853 1310 muli
885 1286 955 1323 pro
982 1272 1291 1323 praestantiffimis
1314 1273 1392 1312 dici

111 1334 312 1383 coeperint.

161 1394 302 1434 XVIII.
335 1394 411 1434 Sed
432 1393 546 1445 longe
569 1393 785 1445 ampliffimi
809 1394 1012 1434 testimonii
1037 1403 1198 1446 excepta
1224 1407 1297 1434 vox
1320 1394 1392 1443 est,

104 1471 193 1497 cum
228 1457 328 1495 forte
361 1456 444 1507 post
478 1469 629 1496 coenam
668 1456 859 1496 sermones
902 1458 1139 1507 sererentur,
1168 1457 1391 1508 dixissetque

104 1519 239 1570 aliquis
255 1550 267 1567 ‚
291 1521 329 1570 si
353 1520 440 1571 quid
461 1519 622 1571 Scipioni
647 1520 846 1572 accidzffi‘t‚
873 1535 1087 1573 ecquemnam
1114 1522 1225 1559 alium
1243 1521 1391 1573 similem

105 1584 337 1635 imperatorem
359 1582 523 1619 habitura
546 1582 740 1635 respublica
767 1583 874 1634 effiet?
907 1584 1036 1632 Scipio
1066 1584 1192 1632 enim,
1216 1583 1391 1633 perculso

109 1644 245 1683 leniter
274 1642 435 1681 humero
465 1642 604 1691 Marii,
626 1643 784 1696 fortaffis
813 1647 931 1697 isium,
963 1645 1172 1695 respondit.
1207 1647 1393 1694 aiuntque

105 1704 154 1743 ab
181 1703 247 1742 illa
272 1716 390 1752 voce,
417 1712 600 1753 tanquam
626 1704 805 1743 divinitus
826 1703 952 1743 emissa
968 1734 980 1753 ‚
1004 1705 1173 1745 Marium
1194 1707 1363 1744 erectum
1379 1735 1390 1752 ,

109 1765 247 1815 dignos
265 1764 391 1811 rebus,
411 1776 503 1813 quas
518 1764 644 1814 postea
661 1765 791 1813 gessit,
811 1766 885 1813 jam
902 1773 983 1803 tum
1000 1764 1150 1815 spiritus
1166 1764 1393 1815 concepiffe.

162 1827 274 1867 XIX.
292 1827 394 1866 Dum
411 1825 576 1865 adhunc
598 1826 756 1865 modum
782 1828 820 1865 in
834 1828 1079 1867 Numantinis
1095 1827 1339 1875 hibernarur,
1354 1827 1391 1866 P„

108 1889 263 1929 Mucius
289 1887 482 1934 Scaevola,
505 1887 545 1927 L.
562 1888 790 1938 Calpurnius
810 1888 892 1928 Piso
918 1889 1031 1940 Furgi
1055 1889 1297 1928 consulatum
1320 1890 1387 1928 ini-

104 1960 267 1996 verunt,
290 1964 513 2002 magnarum
540 1964 664 1989 rerum
688 1951 886 1990 eventibus
908 1951 1092 1990 nobilem.
1123 1953 1223 1992 Nam
1243 1954 1277 1991 6:
1299 1952 1391 1991 belli

107 2023 323 2064 expugnata
360 2014 572 2053 Numantia
612 2013 685 2062 est,
725 2015 760 2053 &z
799 2014 905 2052 domi
936 2013 1394 2057 seditionibustribuni-

106 2071 170 2113 tiis
195 2073 291 2113 ultra
313 2084 484 2112 veterum
511 2073 711 2112 turbarum
744 2074 919 2124 exempla
946 2074 1175 2114 laboratum.
1202 2076 1262 2115 Ti.
1289 2075 1391 2114 enim

51 2138 54 2142 '
110 2135 305 2175 Gracchus
335 2138 371 2176 &
400 2136 458 2176 M.
486 2136 670 2177 Octavius
697 2136 840 2174 inimici
866 2135 1010 2175 tribuni
1039 2136 1160 2187 plebis
1192 2146 1314 2176 totam
1340 2138 1393 2175 ci-

106 2199 264 2237 vitatem
292 2198 388 2237 odiis
409 2199 794 2249 contentionibusque
820 2199 1065 2238 miscuerunt.
1094 2199 1168 2238 Sed
1187 2206 1392 2248 antequam

109 2258 326 2298 domesticae
350 2257 588 2300 calamitates
618 2260 850 2306 referantur,
881 2268 1038 2303 externa
1065 2260 1166 2300 bella
1197 2271 1391 2298 memora·

159 2373 183 2416 ς
206 2373 297 2406 XVI.
319 2373 442 2417 Vellei.
466 2384 504 2414 2,
522 2383 554 2415 9.
579 2374 726 2418 Appian.
752 2374 880 2408 Sallust.
905 2374 1062 2419 Iugur-th.
1087 2376 1109 2421 5
1137 2375 1244 2411 XVII.
1269 2372 1394 2417 Vellei.

114 2416 203 2450 Plut.
226 2419 259 2450 in
282 2417 393 2454 Mario
415 2429 444 2451 c.
466 2427 483 2462 3
511 2418 543 2450 ὅ(
560 2419 611 2451 18.
