1632 2641
205 162 301 207 3¹4
368 145 458 191 jo,
507 144 1011 190 ruerus-snitum
1046 124 1395 191 stPPLEM.

258 252 454 292 XXXIII.
495 251 662 292 Titinius
690 252 737 291 ab
769 266 814 291 eo
844 261 1041 302 tempore,
1067 265 1142 301 quo
1172 265 1328 302 poenam
1352 251 1496 302 effuge-

199 323 286 361 rat,
311 315 351 353 in
378 314 520 354 liberos
551 314 726 363 gralsari,
758 327 913 365 parcere
940 314 1050 352 servis
1080 313 1235 360 solitus,
1269 327 1347 353 non
1373 315 1494 353 modo

200 377 318 416 >fidem
344 377 447 427 apud
471 376 642 426 ejusdem
664 377 808 427 ingenii
832 378 1072 426 fortunaeque
1096 375 1272 423 homines
1299 375 1414 416 facile
1437 377 1493 415 in..

197 439 329 485 venit3
354 437 438 486 sed,
462 438 549 488 quia
574 437 751 476 manibus
774 446 948 487 promtus
967 447 1067 486 erat,
1088 438 1166 476 dux
1191 437 1327 477 ascitus
1349 438 1412 476 est.
1435 438 1493 477 Ita

201 498 399 538 castellum
426 499 646 550 proditione
674 509 858 549 captum:
891 499 1043 548 fugitivi
1076 501 1218 549 partim
1253 500 1490 550 pugnand0‚

195 561 261 599 alii
288 570 393 601 metu
418 561 721 612 suppliciorum,
745 561 972 611 corporibus
1000 561 1041 600 in
1069 573 1238 612 praeceps
1262 562 1399 611 jactis,
1426 574 1492 611 pe-

194 625 352 663 rierunt.
379 623 440 664 Ibi
466 637 556 663 cum
583 623 721 663 servari
744 623 812 662 sub
837 624 947 673 lignis
970 623 1135 669 milites,
1156 625 1280 663 donec
1306 623 1487 663 similium

195 687 393 727 turbarum
416 686 576 738 suspicio
600 686 758 727 cessaret
774 717 787 733 ,
811 687 906 726 ratio
934 686 1054 734 effet3
1094 687 1236 726 dimisit
1262 697 1402 737 praetor
1423 700 1491 726 co-

193 748 302 798 pias:
338 749 456 798 idque
484 747 604 787 causae
627 747 728 796 fuit,
757 746 1031 786 accedentibus
1058 746 1174 786 etiam
1206 747 1371 786 aliorum
1405 761 1490 798 pra-

195 811 251 847 vis
284 809 476 858 confiliis,
504 818 548 848 ut
576 822 701 859 neque
732 809 909 848 nuntiata
935 809 972 848 P.
1000 807 1130 848 Clonii
1158 810 1294 859 equitis
1326 810 1492 849 Romani

190 879 335 917 morte,
354 884 469 922 quem
492 871 587 910 servi
610 871 662 910 sui
680 867 924 918 occiderant,
943 871 981 908 in
998 881 1174 921 tempore
1191 880 1317 911 motus
1332 903 1343 921 ,
1357 873 1484 911 otium

190 926 266 972 illis
290 935 458 985 augendi
483 946 716 984 numerum,
743 933 858 986 seque
886 933 999 974 rebus
1024 933 1205 973 omnibus
1229 934 1487 974 confirmandi

195 996 287 1035 dare
315 1005 528 1047 cogeretur.

246 1068 440 1119 XXXIV.
474 1069 573 1119 Ergo
600 1069 683 1118 post
705 1080 852 1119 paucos
880 1065 969 1107 dies>
984 1068 1234 1118 praesentibus
1256 1082 1344 1108 cum
1369 1070 1490 1120 copiis

194 1129 418 1180 profectus,
435 1142 524 1168 cum
540 1161 551 1178 ‚
575 1131 671 1171 Alba
696 1144 810 1170 amne
834 1130 1012 1181 superato
1028 1163 1038 1180 ,
1066 1142 1200 1182 praeter
1220 1141 1392 1172 montem
1424 1145 1492 1172 ca-

192 1193 374 1243 prinum,
406 1193 447 1231 in
480 1206 557 1243 quo
590 1194 803 1239 defectores
832 1194 1117 1241 consederant,
1154 1195 1317 1234 duxisset
1338 1226 1350 1242 ,
1388 1196 1488 1234 adeo

188 1255 286 1295 nihil
308 1269 372 1294 eos
394 1257 552 1303 terruit,
569 1265 612 1295 ut
633 1267 789 1303 contra,
817 1256 942 1307 sparso
968 1270 1135 1303 rumore,
1156 1271 1332 1310 praetorem
1358 1261 1488 1296 Roma-

188 1332 269 1355 num
301 1329 392 1355 metu
415 1318 566 1355 intaelos
592 1318 815 1371 praeaeriff,
849 1317 1193 1358 confirmarentur:
1232 1319 1330 1357 adeo
1355 1317 1488 1357 multis

189 1380 240 1420 ad
266 1380 366 1420 hanc
393 1381 540 1420 famam
565 1381 852 1421 confluentibus
869 1411 880 1429 ,
911 1389 954 1419 ut
978 1380 1186 1431 septimum
1219 1382 1318 1421 intra
1353 1382 1454 1421 diem
1471 1413 1484 1430 ,

185 1454 343 1492 quoquo
378 1443 498 1482 modo
521 1443 654 1482 armati
683 1442 813 1493 plures
840 1443 1072 1494 octingentis
1103 1451 1404 1483 numerarentur.
1444 1446 1482 1484 &c
1543 1450 1558 1463 '⁸

184 1503 281 1542 ficut
308 1503 389 1543 haec
413 1503 503 1544 talia
535 1505 687 1544 facilius
718 1514 906 1556 augentur
929 1536 940 1554 ,
966 1519 1081 1556 quam
1111 1506 1329 1556 incipiunt,
1360 1506 1480 1557 paulo

184 1566 270 1616 post
299 1565 409 1616 supra
448 1568 526 1606 duo
554 1568 674 1607 millia
712 1567 917 1607 hominum
945 1569 985 1608 in
1019 1569 1132 1608 armis
1168 1569 1288 1608 fuere.
1332 1569 1378 1608 Id
1403 1569 1473 1609 ubi

184 1637 325 1679 praetor
353 1631 525 1679 accepit,
557 1631 599 1670 C.
624 1631 771 1670 Titinio
793 1631 946 1680 milites,
971 1643 1061 1670 cum
1088 1631 1226 1681 quibus
1250 1630 1483 1671 Heracleam

185 1699 366 1740 venerat,
390 1692 584 1741 adjunctis
609 1693 764 1745 insuper
783 1693 975 1734 sexcentis
991 1725 1000 1744 ,
1015 1707 1111 1745 quos
1133 1695 1250 1735 Ennae
1267 1694 1483 1735 detraxerat

169 1754 359 1805 -praefidio
374 1785 387 1803 .,
418 1755 590 1803 tradidit.
1377 1768 1382 1772 ”

236 1824 407 1864 XXXV.
439 1826 514 1865 -Sed
546 1825 680 1864 infelix
706 1817 861 1866 Titiniox
878 1839 1010 1880 pugna
1034 1834 1170 1866 contra
1195 1825 1480 1878 desperatos&

183 1885 341 1935 ingenio
370 1885 448 1924 loci
472 1888 641 1936 potiores
670 1887 755 1926 fuit.
789 1887 900 1927 multi
922 1888 1065 1928 milites
1090 1889 1236 1928 amiffi:
1268 1890 1386 1927 ceteri
1413 1888 1480 1927 ab*

178 1949 290 1998 jec'tis
318 1949 432 1988 armis
457 1949 675 2000 fugientes,
704 1951 967 1991 defeftoribus
988 1955 1023 1992 ἃ
1047 1952 1339 1991 instrumentum
1362 1950 1478 1999 belli,

182 2023 261 2059 quo
282 2012 456 2050 maxime
479 2011 666 2062 egebant,
698 2015 734 2053 δε
755 2026 935 2064 magnam
958 2027 1005 2053 ex
1026 2014 1187 2053 vhstoria
1215 2013 1360 2052 famam
1391 2012 1479 2051 reli-

184 2082 362 2123 querunt.
395 2074 580 2114 Certatim
600 2076 736 2126 igitur,
765 2086 808 2115 ut
829 2076 877 2116 ad
903 2089 1152 2115 communem
1177 2075 1329 2115 causam
1352 2075 1476 2125 spem-

183 2148 259 2184 que
282 2137 599 2176 concurrentibus
623 2138 822 2189 fugitivis,
850 2138 959 2189 supra
978 2138 1044 2178 sex
1068 2137 1189 2177 millia
1209 2137 1360 2186 estecffi,
1383 2149 1475 2177 cum

180 2196 369 2237 fiduciam
396 2211 579 2237 numerus
608 2208 788 2248 augeret,
814 2213 861 2238 ne
881 2200 957 2238 fine
979 2200 1091 2238 certis
1117 2199 1266 2249 legibus
1290 2199 1473 2249 imperio..

179 2270 255 2308 que
284 2268 461 2311 agerent,
488 2273 617 2312 regem
645 2270 822 2300 crearunt
853 2261 1024 2301 Salvium
1055 2264 1238 2311 nomine,
1265 2275 1404 2312 quem,
1429 2262 1471 2300 in

182 2321 392 2360 mulierum
414 2324 530 2373 orgiis
555 2323 667 2361 tibias
682 2322 815 2361 inflare
838 2322 1014 2371 solitum,
1042 2323 1091 2362 ob
1111 2323 1219 2363 illam
1250 2326 1284 2363 ἃ
1304 2323 1473 2374 haruspi-

180 2380 277 2418 cinae
297 2380 492 2420 scientiam
505 2413 517 2431 ‚
538 2382 638 2433 quali
663 2382 836 2422 divinum
860 2381 1061 2421 hominem
1078 2397 1123 2422 eo
1140 2383 1288 2432 honore
1307 2384 1470 2434 dignum

177 2441 458 2485 existimarant:
486 2456 558 2484 nec
584 2443 716 2495 causa,
731 2455 804 2485 nec
825 2443 955 2485 omine
979 2445 1140 2497 dispari,
1163 2454 1277 2498 atque
1297 2453 1385 2486 ante
1401 2444 1468 2485 ali-
