1632 2641
325 121 404 167 IN
451 119 620 166 Loc.
658 119 793 165 Lm.
835 119 963 165 Lxx
1013 120 1157 166 mv,
1325 135 1410 182 391

136 241 186 268 ne
211 226 578 267 senatusconsultum
615 226 664 264 de
689 224 886 275 triumpho
921 227 1002 274 ejus
1030 225 1161 272 fieret,
1194 225 1259 275 qui
1292 237 1420 275 neque

135 306 184 331 eo
213 291 393 338 nomine,
419 302 543 339 neque
565 301 725 326 numero
755 288 960 337 praeditos,
980 297 1023 326 ut
1047 288 1151 338 digni
1178 288 1320 335 essent,
1349 288 1416 337 qui

136 354 260 393 hostes
284 353 418 404 populi
446 351 611 393 Romani
629 351 701 389 effe
724 352 963 398 dicerentur,
991 351 1038 388 ad
1061 350 1143 389 haec
1168 350 1308 390 nullius
1331 349 1419 388 illu-

135 415 239 462 stris,
265 427 390 465 neque
412 413 503 452 certi
525 412 632 451 ducis
656 411 755 463 signa
784 411 972 457 secutos,
987 411 1220 450 confecisset.

189 477 335 517 XXIV.
369 476 424 516 Ita
456 487 588 514 contra
617 476 739 513 virum
775 474 1148 524 eloquentiffimum‚
1181 474 1418 525 integerrimi

137 538 417 590 gravissimique
453 537 655 576 austeritas
680 537 793 584 vicit,
816 550 883 584 ne,
908 535 1132 586 pervulgato
1159 537 1307 574 eximiae
1334 536 1417 573 vir-

133 601 224 639 tutis
251 608 314 639 aut
346 600 542 639 felicitatis
575 599 756 649 praemio,
789 601 823 638 Sc
854 600 992 647 injuria
1018 599 1206 636 honorem
1237 611 1325 636 eum
1355 597 1416 636 se·-

133 674 218 700 vera
245 661 329 711 lege
356 661 523 709 meritis,
555 662 590 699 δε
620 660 839 710 reipublicae
864 659 1135 698 detrimentum
1164 659 1381 709 proveniret
1403 670 1418 697 t

134 725 261 761 minus
292 723 419 773 postea
448 722 632 762 annisuris
655 722 868 772 plerisque,
889 722 911 760 fi
940 722 1073 760 eadem
1100 733 1244 759 merces
1267 720 1414 758 rnedio-

132 785 257 822 cribus
286 783 422 832 rebus,
447 798 529 834 quae
558 784 756 832 maximis,
788 783 1012 832 summaque
1042 791 1085 822 ut
1111 782 1319 833 plurimum
1346 794 1413 819 cu-

130 859 170 885 ra
192 845 437 896 periculoque
462 846 735 893 conficiendis„
766 846 1009 895 praestaretur.
1044 845 1101 884 De
1125 854 1251 883 cetero
1284 843 1416 884 semele

128 908 350 958 integreque
376 908 508 946 consul
540 907 705 947 Licinius
738 908 966 958 praefuerat,
998 917 1041 945 ut
1071 920 1197 957 neque
1227 907 1413 945 inimico-

131 981 214 1006 rum
254 968 397 1016 judicia
436 967 786 1017 conscientiamque
827 966 1120 1006 exhorresceret.
1160 968 1335 1016 Namque
1366 966 1409 1004 C.

131 1029 345 1068 Carbonem
364 1059 374 1076 ,
403 1031 512 1078 cujus
536 1038 681 1078 patrem
712 1030 959 1072 damnaverat
975 1058 986 1075 ,
1016 1028 1139 1066 studio
1160 1028 1335 1066 vindictae
1363 1026 1416 1066 ad

128 1090 357 1139 speculanda
383 1092 465 1128 acia
487 1090 550 1128 sua
572 1091 787 1129 venien-tem
803 1120 813 1138 ,
834 1091 932 1129 adeo
959 1102 1036 1127 non
1056 1088 1269 1135 submovit,
1293 1096 1334 1125 ut
1355 1088 1414 1124 in⁴⁸

125 1153 238 1202 super
263 1153 391 1192 locum
416 1153 448 1191 ei
474 1154 581 1192 daret
604 1155 643 1191 in
669 1153 848 1192 tribunali
870 1183 880 1201 ,
908 1164 980 1191 nec
1005 1152 1071 1191 niii
1101 1165 1146 1190 eo
1179 1164 1307 1190 coram
1336 1162 1409 1187 co-

128 1215 335 1266 gnosceret.
368 1215 511 1255 Dixisse
545 1225 673 1254 tamen
703 1215 871 1256 Craffum
905 1215 1052 1261 ferunt,
1089 1227 1179 1252 cum
1203 1212 1239 1251 se
1270 1213 1321 1251 ita
1355 1211 1408 1250 vi-

126 1277 234 1315 deret
262 1276 476 1324 observari,
514 1276 550 1315 se
572 1276 714 1315 nullius
738 1277 789 1314 rei
814 1286 893 1314 tam
922 1276 1132 1325 poenitere,
1156 1286 1271 1324 quam
1298 1272 1410 1323 quod-

123 1352 292 1388 unquam
321 1339 360 1377 in
379 1339 569 1387 judicium
593 1337 810 1377 vocaviffet.

178 1401 304 1440 XXV.
338 1400 496 1439 Interim
520 1400 559 1437 in
579 1398 672 1437 urbe
693 1398 831 1438 Siculis
847 1397 1056 1444 Halfflnis,
1079 1398 1184 1448 quod
1206 1396 1408 1436 habebant:

121 1459 220 1499 inter
248 1459 285 1498 se
321 1460 368 1498 de
396 1459 526 1498 senatu
560 1460 780 1509 cooptando
816 1459 1112 1507 controversias,
1148 1459 1271 1498 Roma
1300 1458 1404 1508 leges

120 1523 363 1574 petentibus,
392 1522 620 1562 censuerunt
645 1524 791 1570 Patres,
818 1523 869 1560 uti
896 1524 935 1561 C.
968 1523 1138 1562 Claudius
1163 1523 1236 1574 Ap.
1255 1523 1297 1560 F.
1313 1522 1403 1559 Pul.

120 1587 220 1634 cher,
245 1599 369 1639 praeror
385 1615 396 1634 ,
418 1587 599 1637 desenatu
628 1588 822 1638 cooptando
851 1585 945 1637 leges
962 1586 1190 1638 conscriberet.
1220 1585 1262 1624 C.
1285 1584 1400 1624 Clau-

122 1647 234 1696 dius,
260 1648 324 1696 qui
353 1648 524 1697 antiquis
552 1647 732 1698 novisque
764 1647 812 1686 de
842 1646 958 1685 caulis
988 1646 1086 1685 bene
1111 1645 1246 1685 Siculis
1271 1646 1401 1695 cupie-

118 1706 210 1753 bat,
235 1706 414 1746 adhibitis
448 1707 627 1745 omnibus
653 1705 848 1746 Marcellis
865 1736 876 1754 ,
913 1706 977 1756 qui
1004 1713 1087 1743 tum
1109 1713 1245 1753 erant,
1270 1705 1400 1744 insulae

119 1769 314 1819 patroniS,
338 1769 385 1807 de
410 1782 541 1807 eorum
567 1769 749 1808 sententia
773 1769 876 1819 leges
899 1768 1082 1809 Halefinis
1108 1768 1238 1815 dedit,
1258 1783 1300 1805 ne
1319 1769 1402 1820 quis

116 1831 229 1869 minor
251 1832 356 1868 annis
381 1832 525 1883 triginta
540 1861 555 1876 ,
576 1833 677 1883 quive
698 1833 934 1884 quaestuariam
952 1844 1058 1869 artem
1082 1830 1300 1882 exercuiſjkt,
1328 1831 1405 1867 cui-

114 1907 158 1929 ve
188 1893 306 1943 census
326 1891 439 1944 justus
466 1907 534 1929 non
564 1893 661 1944 effer,
693 1893 863 1944 legeretur.
901 1891 1039 1932 Iisdem
1070 1890 1290 1930 consulibus
1316 1904 1401 1940 gra·

115 1952 303 1990 viffimam
340 1952 566 1992 seditionem
602 1955 777 1993 tribunus
804 1953 924 2004 plebis
954 1955 995 2003 C.
1022 1953 1225 1993 Norbanus
1250 1954 1403 1990 excita-⁷

115 2014 194 2061 vit,
227 2014 288 2052 die
323 2015 375 2064 Q.
403 2015 560 2054 Servilio
587 2016 759 2065 Caepioni
787 2016 964 2056 dicenda.
1003 2016 1125 2054 Reum
1164 2015 1204 2054 L.
1227 2014 1399 2054 Licinius

117 2074 248 2113 consul
281 2075 524 2115 defendebat.
559 2077 942 2127 intercedebaturque
971 2076 1163 2125 rogationi
1189 2088 1210 2114 a
1243 2073 1404 2113 duobus,

118 2133 166 2170 de
204 2132 391 2184 collegio,
427 2136 467 2175 L.
493 2135 628 2183 Cotta,
663 2136 710 2175 T.
738 2135 866 2175 Didio.
911 2134 975 2174 sed
1007 2134 1239 2183 Norbanus,
1265 2133 1397 2173 conci-

115 2202 193 2232 tata
227 2194 363 2245 plebe,
388 2198 422 2236 &
446 2198 481 2235 vi
504 2196 618 2248 pullis
640 2210 688 2237 ex
711 2197 857 2248 templo
884 2195 1211 2244 intercessoribus,
1236 2195 1403 2247 pertulit„

112 2253 249 2306 legem.

162 2381 184 2423 §
201 2381 327 2413 xxm.
351 2382 418 2416 Jul.
434 2383 558 2427 Obseq.
577 2384 703 2416 Ascon.
719 2385 751 2417 in
764 2384 876 2417 Pison.
894 2386 965 2416 Cic.
985 2385 1027 2417 de
1042 2385 1177 2416 invent.
1190 2384 1222 2417 Sc
1234 2385 1268 2417 in
1279 2383 1399 2418 Pisom

122 2435 153 2458 c.
178 2429 231 2459 26.
256 2426 420 2470 §xxlvl
441 2429 514 2462 vai.
534 2429 627 2462 Max.
649 2439 731 2472 35.
756 2430 776 2474 ξ
802 2430 909 2463 XXV.
933 2431 1007 2462 cic.
1027 2430 1122 2461 Verr.
1149 2440 1165 2472 3
1181 2456 1188 2470 ,
1211 2441 1241 2462 ι.
1337 2428 1339 2430 ’

1007 2482 1154 2542 Bb4.
