1632 2641
544 65 568 85 1

314 139 398 186 IN
450 137 634 186 too.
684 103 959 182 masin<
1008 134 1159 181 Lrv.
1339 143 1421 195 153

148 247 251 286 enim
265 277 276 295 ,
300 247 468 295 malum,
488 244 653 286 amentia
674 242 750 291 est,
775 240 836 282 vel
856 240 1158 291 opibus'injuste
1179 239 1296 290 partis
1320 238 1428 278 secu-

146 320 228 348 ram
254 306 517 358 possessionem
533 336 544 354 ,
570 303 631 345 vel
654 304 694 343 in
720 315 765 342 ea
789 302 1057 352 inquietudine
1073 301 1212 350 animi,
1235 300 1429 340 felicitatis

147 378 295 421 partem
315 370 435 409 ullam
459 368 652 420 quaerere?
1239 378 1254 394 ’τ

205 432 338 471 LXIV.
363 431 439 472 Nifi
464 431 564 470 forte
584 428 623 468 se
645 426 801 478 quisque
815 425 1086 475 nequiffimum
1111 424 1329 464 mortalium
1352 435 1431 462 cre·
1472 427 1478 439 ‘

153 494 235 533 dit:
272 494 409 546 ceteris
440 505 564 545 neque
596 490 848 541 cupiditatem
874 488 1065 535 eandem,
1091 484 1214 537 neque
1244 485 1432 524 malitiam

151 554 234 593 fore
255 553 467 593 arbitratur.
511 552 611 603 quasi
637 564 725 590 vero
760 549 929 590 maxima
962 547 1150 587 maleficia
1174 548 1338 597 plurimo
1367 547 1433 598 in·-

153 614 266 665 genio
290 622 448 665 egeant3
472 623 537 653 aut
558 613 680 652 fidum
705 612 772 651 fibi
795 622 1027 662 quemquam
1052 608 1197 659 sperare
1213 608 1352 659 possit,
1368 607 1433 657 qui

149 676 320 726 perfidus
348 678 387 716 in
415 675 743 726 conjunctissimos
773 673 852 725 ipse
879 670 1098 712 exstitisset!
1134 671 1276 710 Verum
1313 670 1434 708 enim-

408 743 414 749 -
450 742 457 749 ι
491 741 498 749 ι
533 743 538 748 ³

126 805 295 844 'vicacia
330 806 370 843 in
407 803 566 842 exitium
600 800 863 852 prazcipitant:
904 810 986 836 non
1018 795 1210 846 sapientiae
1244 794 1434 841 monitis,

150 880 231 906 non
260 867 506 917 experientiae
536 863 779 904 document-:s
804 860 970 900 coercita
1007 857 1250 897 temeritate:
1287 855 1352 894 sed
1379 864 1436 894 ar-

148 930 345 979 gumentis
378 926 522 977 usuque
553 937 680 963 rerum
713 921 973 972 nequidquam
1003 916 1434 968 circumstrepentibus,

154 991 294 1029 rationi
321 1003 400 1029 non
422 987 646 1038 relinquunt
667 985 818 1030 locum,
846 981 1024 1032 exempla
1049 981 1205 1020 horrent
1231 979 1438 1020 &imitan-

153 1064 225 1094 tur.
252 1054 388 1103 Neque
413 1052 518 1091 enim
547 1050 729 1089 cessatum
757 1049 805 1087 ab
822 1048 880 1086 his
900 1046 1044 1086 artibus
1067 1045 1195 1095 postea
1213 1043 1286 1084 est:
1309 1039 1435 1082 donee

149 1114 342 1166 pleraeque
368 1126 502 1154 omnes
527 1112 600 1152 iuae
634 1123 770 1162 regum
804 1108 958 1149 familiae
993 1108 1159 1159 stirpitus
1188 1119 1279 1146 cum
1310 1104 1434 1156 regnis

152 1178 239 1229 ipfis
268 1177 475 1217 interirent.

204 1248 322 1289 LXV.
359 1248 434 1289 Sed
457 1247 505 1288 ab
532 1253 776 1286 externorum
803 1242 1137 1294 contemplatione
1165 1239 1354 1293 malorum
1383 1238 1434 1278 ad

153 1325 210 1351 res
237 1311 402 1351 urbanas
426 1310 680 1350 reflectendus
701 1308 754 1348 est
777 1309 952 1354 animuS,
978 1317 1061 1355 quae
1089 1306 1124 1343 δε
1147 1301 1234 1353 ipsae
1253 1302 1295 1341 C.·
1320 1301 1435 1340 Grac-

154 1374 215 1413 chi
241 1374 359 1414 altero
385 1376 464 1424 jam
487 1373 682 1412 tribunatu
708 1372 896 1419 majorem
920 1368 959 1406 in
978 1367 1140 1407 modum
1168 1364 1429 1404 turbabantur.

154 1439 217 1478 Sic
250 1439 352 1477 enim
378 1439 457 1486 jam
488 1435 744 1475 declaraverat
770 1433 941 1471 animum
969 1429 1078 1468 suum
1103 1427 1241 1476 Cajus,
1273 1434 1317 1464 ut
1345 1437 1434 1463 cer-

154 1508 235 1540 tum
263 1499 516 1540 adversarium
550 1497 723 1536 senatum
760 1496 795 1534 ei
829 1494 911 1533 fore
947 1491 1122 1531 dubitare
1153 1501 1266 1527 nemo
1298 1487 1431 1538 poffet.

156 1564 254 1612 Ergo
289 1563 339 1602 ad
364 1562 479 1610 hujus
503 1558 787 1609 infringendam
810 1555 1101 1601 auctoritatem,
1135 1551 1309 1590 conferre
1342 1561 1433 1587 con-

151 1624 229 1664 silia
268 1624 333 1663 sua
373 1622 541 1674 opesque
574 1632 708 1660 omnes
744 1617 916 1658 instituit.
957 1617 993 1656 &
1031 1615 1116 1665 quia
1154 1610 1435 1652 honestiffimus

155 1685 313 1736 quisque
347 1686 396 1725 de
434 1683 581 1735 populo
618 1692 734 1733 atque
766 1678 1083 1730 locupletiffimus
1120 1684 1245 1728 partes
1283 1673 1431 1712 senatus

153 1747 357 1793 tuebatur,
390 1745 470 1796 ipse
499 1757 651 1795 quoque
678 1743 745 1782 fibi
769 1739 1009 1792 displicebat,
1044 1736 1191 1777 nullam
1218 1732 1430 1774 actionibus

154 1809 226 1847 suis
253 1807 479 1858 dignitatem
511 1805 559 1845 ab
585 1805 725 1845 infimae
753 1811 903 1843 tantum
933 1800 1056 1852 plebis
1083 1796 1226 1838 affensu
1263 1795 1431 1835 constare

151 1869 367 1908 arbitratus.

208 1939 341 1979 LXVI.
376 1939 468 1989 Quo
499 1938 616 1988 igitur
645 1935 820 1976 senatum
849 1933 915 1974 illa
946 1940 1053 1985 parte
1078 1929 1217 1971 virium
1243 1927 1428 1978 privaret,

157 2005 192 2042 &
212 2002 492 2042 consentientes
529 2001 713 2041 hactenus
737 2011 826 2038 cum
842 1997 908 2036 illo
935 1995 1069 2047 populi
1085 1992 1268 2044 primo'res
1295 1988 1431 2029 avelle-

155 2072 236 2111 ret,
261 2064 414 2115 vestigia
437 2063 558 2102 fratris
586 2062 735 2101 secutus
752 2092 764 2109 ,
797 2060 902 2110 quod
936 2058 1001 2098 ille
1025 2055 1320 2105 concupiverat,
1346 2059 1430 2100 p‘er-

154 2126 272 2174 fecit,
302 2135 344 2165 ut
369 2125 627 2176 appellatione
662 2125 839 2174 judicum
877 2122 1022 2172 equites
1055 2133 1076 2159 a
1104 2117 1256 2168 reliquis
1284 2112 1431 2153 civibus

152 2189 422 2240 separarentur.
461 2189 563 2228 Prius
583 2196 714 2227 tamen
740 2189 863 2236 majus
886 2184 1013 2225 adhuc
1040 2181 1171 2222 ausum
1195 2181 1431 2223 tentaverat,

155 2261 192 2286 itt
225 2250 381 2287 trecentis
397 2250 620 2302 senatoribus
649 2249 782 2301 'equites
796 2245 953 2300 sexcenti
985 2245 1213 2286 adderentur,
1242 2235 1427 2276 ferendo:

156 2322 231 2359 quo
271 2307 326 2347 illi
356 2311 468 2359 paeto
510 2308 702 2359 duplicem
735 2308 776 2347 in
806 2307 939 2346 senatu
969 2311 1116 2356 partem
1151 2300 1289 2343 virium
1325 2303 1431 2336 erant

166 2456 168 2458 ψ
207 2441 221 2478 5
246 2434 360 2470 Lx111.
384 2409 492 2469 stiab.
515 2435 538 2469 1.
563 2445 614 2468 10.
640 2434 784 2480 Appiam.
804 2433 960 2468 Minuta.
