1632 2641
206 136 294 200 156
364 135 456 183 JO.
493 135 988 182 FREINSHEMII
1033 135 1385 184 SUPPLEM.

273 243 438 283 LXXII.
476 243 600 294 Igitur
627 245 668 283 in
696 243 843 295 legibus
877 243 1098 294 reipublicae
1126 244 1368 294 perniciosis,
1397 243 1480 283 haec

202 310 332 343 tamen
361 319 438 344 non
466 308 749 346 contemnenda
773 306 915 345 utilitas
940 308 1082 354 inerat,
1109 308 1212 357 quod
1239 306 1402 357 populus
1426 306 1483 346 se-

201 367 306 405 natui
322 396 332 415 ,
359 381 435 417 quo
465 371 620 408 auclore
640 369 720 408 haec
741 369 777 408 se
802 369 927 408 facere
945 369 1087 408 Drusus
1108 369 1334 418 dictitabat,
1351 370 1482 408 conci-

203 426 318 466 liatus
342 459 352 475 ,
390 430 473 478 Caji
504 439 642 471 conata
676 431 809 470 senfim
839 431 1076 471 destituebat.
1116 432 1286 472 Multum
1324 433 1371 471 ad
1401 431 1484 471 haec

203 490 389 529 modestia
420 492 525 531 Drusi
558 494 773 545 justitiaque
801 494 973 542 valebat,
1016 494 1202 535 dissimilis
1230 494 1486 546 superioribus

203 550 284 589 sere
307 551 489 592 latoribus
514 553 655 604 legum.
686 556 787 596 Nam
815 558 849 595 ἃ
878 556 991 604 Cajus
1017 556 1197 608 pleraque
1219 556 1486 608 rogationibus

203 611 281 650 suis
307 613 402 662 juss'a
426 628 494 664 per
519 615 556 654 se
584 616 883 666 exsequebatur,
911 617 1165 668 pecuniasque
1196 619 1383 658 maximas
1416 626 1489 656 tra.

206 673 360 715 dabat:
389 689 433 716 ea
456 690 514 716 res
540 679 688 716 tametfi
715 679 884 717 animum
906 678 987 727 ejus
1014 693 1094 718 non
1115 688 1403 731 corrumperet„
1430 679 1488 719 su-

204 735 415 787 spicionem
443 748 573 779 tamen-
598 740 765 791 aliquam
794 742 987 781 afferebat.
1013 742 1181 791 Drusus,
1212 743 1258 782 ab
1286 744 1391 782 omni
1420 755 1509 781 ca-⁴

204 797 351 839 Iumnia
373 801 485 851 liber,
512 802 605 842 alios
629 806 770 844 creavit
794 804 955 844 coloniis
980 805 1216 849 deducendis
1244 806 1485 854 triumviros,

205 865 494 914 pecuniamque
524 867 660 917 populi
689 867 793 916 juffit
821 868 868 907 ab
904 868 986 907 aliis
1011 869 1274 909 administrari.

261 941 446 984 LXXIII.
478 944 662 986 Deduetae
686 947 772 986 sunt
793 949 931 988 eodem
955 961 1055 987 anno
1079 947 1322 998 Scylaeium,
1348 948 1492 988 Miner-

205 1004 335 1053 vium,
357 1007 592 1056 Tarcutum‚
614 1010 821 1060 Neptunia.
848 1010 996 1049 Interea
1023 1010 1136 1059 Cajus
1159 1010 1233 1049 {ive
1250 1010 1383 1060 sponte
1405 1010 1491 1057 sua,

206 1065 283 1104 five
308 1068 410 1116 quod
433 1068 551 1108 minui
577 1070 645 1110 fibi
667 1073 764 1110 vires
789 1071 999 1120 sentiebat,
1025 1071 1196 1110 senatum
1222 1072 1307 1124 lege
1333 1073 1381 1111 de
1403 1085 1490 1122 pro-

209 1127 343 1168 vinciis
367 1129 441 1169 lata
478 1131 639 1172 delinire
672 1135 837 1174 studuit:
875 1148 967 1184 quas
1003 1148 1070 1185 per
1096 1133 1205 1173 illurn
1229 1134 1404 1175 constitui
1429 1136 1495 1174 de-

211 1192 391 1242 cernique
415 1194 603 1245 jubebat,
626 1197 663 1235 in
692 1197 953 1236 consularibus
982 1198 1098 1236 etiam
1118 1198 1386 1236 intercedendi
1395 1200 1494 1247 jure

212 1254 379 1294 tribunis
412 1266 562 1307 negato.
600 1259 703 1299 Dum
732 1260 814 1300 hzec
842 1269 1028 1311 aguntur,
1056 1261 1103 1310 Q
1127 1260 1294 1300 Rubrius
1320 1260 1496 1300 tribunus

210 1315 363 1365 plebis,
392 1331 440 1357 ne
460 1320 557 1359 inter
576 1321 734 1361 illustres
759 1322 994 1373 collegarum
1015 1323 1185 1362 affiones
1205 1322 1284 1372 ipse
1312 1323 1497 1373 inglorius

212 1377 378 1417 otiosum
413 1381 669 1432 magistratum
695 1357 1008 1433 ageret,0}e51em
1037 1383 1197 1432 tulerat,
1239 1392 1281 1423 ut
1308 1386 1344 1424 in
1372 1385 1496 1425 solum

214 1438 479 1491 Carthaginis,
499 1456 519 1482 a
543 1445 724 1494 Scipione
758 1445 891 1484 dirutae
907 1473 917 1492 9
941 1444 1093 1483 colonia
1126 1415 1388 1485 deduceretur.
1427 1449 1499 1486 Ac-

213 1510 323 1550 cepta
350 1501 461 1552 lege,
487 1518 566 1544 non
594 1519 690 1556 aegre
715 1515 904 1556 repertum
924 1537 934 1554 ,
960 1505 1100 1555 quibus
1129 1505 1355 1546 caerimoniis
1381 1507 1496 1546 devo-

212 1570 294 1602 tum
325 1565 372 1603 ab
395 1567 573 1606 Africano
602 1568 727 1608 solum
751 1568 934 1619 religione
961 1568 1193 1608 liberaretur.

281 1642 462 1684 LXXIV.
496 1647 734 1687 Triumviros
762 1649 996 1689 deducendae
1022 1648 1181 1689 coloniae
1209 1648 1252 1688 C.
1278 1647 1498 1689 Gracchum

215 1705 319 1753 apud
339 1719 494 1755 omnes,
522 1709 578 1749 M.
606 1710 783 1750 Fulvium
810 1712 913 1760 apud
936 1711 1118 1761 quosdam
1141 1711 1313 1750 invenio:
1340 1710 1496 1749 tertium

217 1765 341 1814 ipsum
366 1766 460 1818 legis
486 1773 680 1810 auctorem
707 1773 755 1823 Q.
776 1773 965 1813 Rubrium
988 1773 1100 1813 fuisse
1124 1772 1310 1812 credibile
1337 1773 1398 1812 est.
1424 1773 1501 1812 Pri-

216 1842 279 1867 ma
303 1829 541 1872 coloniarum
569 1835 828 1875 Romanarum
854 1844 957 1876 extra
984 1836 1139 1875 Italiam
1165 1835 1245 1875 haec
1269 1836 1368 1876 fuit:
1403 1835 1499 1874 mul-

216 1890 337 1940 tisque
362 1905 418 1931 res
452 1896 621 1945 exempli
650 1897 908 1937 formidabilis
935 1898 1162 1947 videbatur,
1193 1896 1408 1947 complures
1433 1910 1500 1935 co-

222 1952 342 1994 lonias
367 1961 592 2008 opportunis
619 1959 712 2000 locis
738 1962 875 2011 positas
909 1962 1172 2009 intuentibus,
1201 1974 1284 2010 quae
1309 1958 1502 2009 progressu

220 2020 427 2068 temporis,
456 2021 646 2070 originum
675 2021 822 2061 suarum
849 2022 1091 2072 splendorem
1109 2053 1119 2070 ‚
1146 2020 1340 2060 nonnullae
1368 2023 1402 2059 Sc
1431 2021 1502 2059 im-

220 2083 396 2131 perium,
421 2082 554 2123 subitis
580 2085 759 2135 potentiae
785 2086 1028 2124 incrementis
1060 2085 1330 2125 exstinxerunt.
1364 2084 1499 2123 Parum

221 2141 398 2193 prospera
435 2143 515 2183 haec
542 2147 686 2185 curatio
716 2147 810 2196 Cajo
841 2147 926 2186 fuit.
967 2147 1107 2197 quippe
1135 2146 1239 2185 domi
1270 2146 1325 2185 M.
1361 2145 1502 2185 Drusus

223 2213 353 2245 contra
383 2206 576 2247 absentem
602 2209 876 2258 invalescebat,
913 2210 1080 2249 maxime
1104 2209 1161 2249 M.
1198 2209 1321 2248 Fulvii
1351 2209 1501 2247 temeri-

222 2274 341 2308 tatem
360 2269 398 2308 in
420 2269 554 2309 odium
583 2270 838 2320 adducendo,
869 2272 978 2319 cujus
1007 2270 1123 2310 verba
1143 2271 1318 2320 fanaque
1339 2269 1388 2308 ob
1410 2281 1505 2308 con-

275 2404 295 2443 ς
318 2404 450 2437 LXXII.
474 2405 597 2450 Fragm.
623 2407 688 2449 leg.
717 2418 769 2450 ap.
796 2405 867 2451 Pig.
892 2406 980 2441 Plut.
1022 2407 1211 2452 §LXXIIL
1238 2408 1311 2441 Cle.
1340 2408 1380 2442 de
1403 2418 1506 2451 prov,

227 2458 319 2491 cons.
347 2470 375 2491 c.
394 2468 413 2498 7
433 2457 465 2491 ὅ(
494 2470 545 2491 11.
575 2457 664 2492 Plut.
