1632 2641
165 144 260 208 278
303 144 387 192 JO.
400 141 579 189 FREIN
583 143 625 189 S.
641 141 796 189 SUPP.
813 142 877 188 IN
895 141 1039 188 LOC.
1058 142 1105 189 L.
1123 140 1264 189 LXV‘
1282 141 1398 190 LIV.

162 265 210 293 ex
231 253 362 292 favore
384 257 449 290 aut
486 250 579 289 odio
606 248 839 301 singulorum
856 280 868 298 ,
885 249 1083 288 ferrentur.
1110 247 1317 299 Ipsumque
1335 248 1466 300 postea

166 314 360 361 Coelium,
386 314 512 353 virum
540 320 665 351 cetera
690 311 915 362 egregium,
945 323 1034 350 cum
1066 324 1133 362 per
1159 311 1380 350 inimicitias
1401 311 1464 351 la-

167 377 354 428 boresque
387 375 490 415 haud
521 374 736 414 mediocres
774 374 823 413 ad
854 373 1025 413 summos
1054 374 1222 414 honores
1249 374 1370 414 homo
1397 389 1465 415 no-

165 451 237 478 vus
264 436 547 484 contendiss'et,
582 445 663 475 tota
696 435 775 474 vita
805 434 965 474 doluiffe
993 435 1123 474 ferunt
1145 466 1156 484 ,
1196 436 1303 487 quod
1337 436 1462 476 nimio

165 499 376 551 Popillium
408 499 621 539 damnandi
655 498 779 538 studio
818 497 1037 548 reipublicae
1073 499 1275 538 nocuisset.
1311 500 1464 539 Etenim

166 560 205 600 se
234 561 526 612 imprudentem
561 558 762 598 calumniae
793 570 837 596 ac
868 558 1109 608 improbitati
1130 558 1335 607 tabellam,
1361 561 1465 610 quast

167 624 308 672 sicam,
333 621 536 674 porrexisse
562 621 746 668 videbat,
765 633 848 670 quae
879 619 920 658 in
953 619 1165 659 multorum
1205 620 1397 661 clarorum
1427 624 1465 662 &

169 687 381 727 insontium
407 694 525 736 caput
552 697 665 735 atque
691 684 864 722 fortunas
887 683 1119 732 injiceretur.
1150 685 1225 724 Sed
1252 685 1329 724 sera
1353 686 1466 724 nimi-

165 763 252 789 rum
280 749 511 801 poenitentia
535 748 574 786 in
596 748 671 786 istis
692 748 766 795 est,
797 760 880 798 quae
901 747 1018 786 semel
1046 748 1147 787 facia
1173 762 1252 787 non
1280 762 1463 788 revocan-

166 821 239 853 tur.
268 812 449 851 Ceterum
470 810 660 862 perlatam
682 810 809 861 legem
833 810 1072 850 tabellariam
1097 812 1139 852 C.
1152 811 1337 862 Popillius
1357 812 1465 852 haud

168 874 332 914 dubium
357 874 617 914 damnationis
638 888 757 914 omen
795 876 1013 927 accipiens,
1050 876 1113 915 die
1139 876 1276 925 judicii
1300 890 1378 915 non
1401 890 1464 916 ex-

168 937 335 988 speciata
356 969 367 985 ,
399 938 523 977 solum
561 938 678 978 exfilii
713 939 823 979 causa
851 941 985 981 vertit:
1020 953 1110 978 eum
1137 940 1309 978 imitatus
1339 939 1465 990 Popil-

168 1001 289 1051 lium,
315 1002 408 1053 qui,
437 1002 478 1043 C.
507 1001 673 1043 Gracchi
702 1001 788 1055 lege
811 1003 955 1055 petitus
971 1035 982 1054 ‚
1008 1003 1104 1044 urbe
1128 1002 1295 1043 cesserat.
