1632 2641
224 135 319 183 340
386 118 1441 188 10.ΡΚΕΙΝΒΗΜωευΡΡιΕΜ

224 227 330 275 quod
354 225 403 266 ob
423 225 632 266 Cimbricas
659 226 825 274 maxime
847 226 975 267 clades
999 227 1121 267 multo
1141 231 1367 280 pauciores,
1393 244 1509 282 quam
1542 275 1544 277 ,

219 288 476 339 superioribus
503 287 756 337 lustris‚cens1
780 287 881 328 cives
899 290 1062 330 Romani
1087 291 1267 341 fuerunt,
1292 294 1508 334 orationem

220 352 269 390 ad
294 350 482 401 populum
501 351 547 390 de
567 350 786 389 maritandis
806 351 1007 391 ordinibus
1025 383 1034 400 ,
1055 354 1089 392 ἃ
1112 352 1289 404 augenda
1309 353 1416 405 prole
1441 353 1507 394 ha-

220 411 334 459 buit,
363 411 490 450 multis
525 410 665 450 dehinc
694 411 868 451 aetatibus
894 411 1095 452 celebrem.

290 474 487 514 XXXIX.
528 474 629 513 Nam
662 475 697 513 &
723 473 908 524 Augustus
937 474 1057 514 Caesar
1084 476 1179 515 tanti
1209 489 1294 515 eam
1322 476 1436 525 fecit,
1463 484 1509 518 ut

215 535 367 590 senatui
399 544 519 575 totam
545 533 712 587 legeret,
748 534 970 586 populoque
1000 549 1068 587 per
1094 538 1265 578 edietum
1306 532 1506 582 commen-

218 596 349 639 daret:
379 598 414 637 δε
439 597 625 637 Hadriani
652 596 780 635 adhuc
804 596 1133 648 successorumque
1154 599 1393 651 temporibus
1415 613 1508 651 gra·
1565 651 1567 653 ι

216 659 336 702 vitate
371 659 574 705 dictionis,
616 660 651 697 ὃς
682 657 958 698 sententiarum
990 658 1210 700 salubritate
1239 661 1276 701 se
1305 674 1505 702 commen-

216 721 334 762 davit.
361 733 483 770 neque
510 720 648 759 referre
669 719 776 770 piget
794 719 894 758 inter
917 719 1007 758 alias
1037 722 1293 771 eminentem,
1319 737 1394 774 quo
1424 737 1503 763 ma-

217 783 276 836 gis
311 784 510 834 pudefiant
536 784 660 822 nostra
689 790 824 832 aetate,
855 796 951 833 quos
979 784 1199 824 divinorum
1227 797 1276 824 ex
1302 786 1505 828 eertisslma
1562 794 1566 797 '

216 848 421 899 disciplina
451 848 594 898 peritos
610 878 622 897 ,
646 845 790 898 pietate
813 855 944 887 tamen
965 848 992 887 ii
1017 847 1202 894 vincunt,
1232 850 1297 898 qui
1313 849 1506 889 rationem

214 923 335 951 unam
363 911 526 959 ducem,
554 912 653 950 inter
680 910 820 950 multas
850 910 1159 962 superstitionum
1187 912 1374 964 ineptias,
1403 926 1506 953 erro-

216 985 381 1023 rumque
414 970 700 1023 inexplicabiles
736 971 906 1012 humana
937 972 1119 1012 industria
1140 971 1402 1023 labyrinthos,
1429 972 1504 1013 ha-

216 1034 397 1076 buerunt.
434 1079 441 1085 .
1291 1050 1295 1054 ·
1509 1027 1511 1029 ³

273 1098 358 1148 XL.
373 1095 629 1148 ‘Igitur‚De0s
645 1095 780 1147 quidem
800 1095 1010 1134 immortales
1029 1096 1122 1148 pqffi’
1142 1097 1279 1145 omnia,
1301 1096 1339 1134 in
1356 1109 1399 1136 ea
1420 1109 1505 1136 ora-

214 1160 321 1200 tione
348 1157 530 1199 Metellus
558 1157 680 1204 dixit·;
699 1156 765 1208 sed
790 1157 986 1195 horninibus
1014 1158 1148 1196 nullam
1173 1157 1234 1210 effi
1262 1159 1402 1211 causam
1426 1159 1502 1212 opi.

214 1224 348 1270 nandi,
381 1222 652 1274 indulgentiores
668 1220 739 1272 fibi
756 1219 861 1272 fore,
892 1234 994 1272 quam
1014 1222 1089 1271 fint
1115 1221 1152 1258 ia
1183 1222 1307 1260 liberos
1335 1223 1416 1260 boni
1434 1225 1501 1276 fiz-

209 1285 409 1339 [flentesque
436 1296 571 1337 patres.
611 1283 793 1323 Ceterum
825 1295 933 1323 amor
971 1283 1193 1333 caelibatus,
1229 1284 1310 1324 aliis
1343 1284 1502 1337 aliisque

216 1347 335 1387 caufis
349 1346 398 1385 ad
421 1345 539 1385 finem
558 1343 660 1383 urbis
684 1344 910 1391 duraturus,
927 1346 1005 1394 jam
1024 1354 1106 1384 tum
1132 1344 1361 1386 inoleverat:
1392 1347 1500 1396 dum,

213 1407 353 1461 puellis
375 1415 440 1447 aut
461 1407 576 1448 etiam
599 1405 765 1445 maribus
787 1405 1011 1455 illudendo,
1028 1414 1206 1457 corrupta
1220 1408 1422 1457 jutrentus‚
1445 1409 1501 1448 vi-

211 1480 294 1514 tato
323 1469 558 1511 matrimonii
584 1482 725 1518 onere,
749 1468 952 1508 libidinem
975 1468 1132 1508 solutius
1154 1478 1317 1509 exercet.
1345 1470 1416 1510 Cui
1440 1480 1497 1511 ta-

214 1549 307 1577 men
336 1536 484 1586 flagitio
510 1534 578 1574 sub
600 1548 644 1574 ea
669 1544 843 1585 tempora
870 1533 974 1573 haud
1002 1547 1085 1573 raro
1111 1533 1265 1573 obviam
1295 1535 1416 1575 itum:
1440 1536 1501 1585 ju„

212 1600 315 1639 dicio
332 1610 484 1649 quoque
509 1596 773 1644 memorabili,
795 1597 900 1647 quod
927 1597 970 1637 C.
992 1596 1247 1646 Cosconium,
1268 1596 1426 1638 Servilia
1445 1597 1497 1638 le-

215 1674 262 1712 ge
292 1674 432 1710 reum,
466 1659 669 1711 multisque
705 1662 740 1699 δε
777 1651 888 1698 certis
928 1658 1153 1698 criminibus
1189 1667 1392 1698 nocentem
1413 1689 1425 1708 ,
1456 1659 1499 1698 in

215 1724 351 1762 odium
375 1721 606 1762 accusatoris
623 1719 761 1760 Valerii
782 1719 974 1760 Valentini
993 1720 1140 1770 judices
1162 1719 1424 1769 absolverunt,
1444 1721 1497 1774 ob

214 1780 416 1825 recitatum
440 1784 579 1824 Valerii
616 1796 794 1834 carmen,
831 1796 906 1835 quo
923 1797 1065 1836 puerum
1084 1795 1353 1837 praetextatum,
1387 1784 1422 1823 ἃ
1443 1785 1498 1822 in-

209 1860 358 1899 genuam
378 1845 546 1898 virginem
572 1859 595 1881 a
611 1845 652 1897 se
676 1857 868 1898 corruptam
886 1859 898 1892 ,’
922 1844 1074 1894 poetico
1098 1845 1188 1893 joco
1214 1844 1498 1895 significaverat.

268 1908 370 1947 XLI.
409 1908 498 1947 Hoc
524 1908 640 1948 etiam
675 1920 776 1946 anno
805 1907 905 1947 nrale
927 1916 1061 1946 contra
1092 1907 1274 1958 fugitivos
1301 1907 1340 1946 in
1367 1903 1497 1948 Sicilia

211 1981 272 2007 res
298 1981 319 2006 a
351 1967 391 2006 C.
419 1967 579 2007 Servilio
608 1975 771 2017 praetore
804 1968 923 2019 gestae.
958 1976 1071 2018 capta
1099 1980 1252 2018 quoque
1273 1967 1388 2006 castra
1411 1969 1494 2017 ejus

212 2032 386 2069 auctores
412 2028 549 2068 habeo.
590 2029 665 2068 Sed
689 2029 728 2067 in
753 2028 810 2068 his
831 2030 987 2080 quidem
1013 2029 1124 2068 rebus
1149 2028 1254 2079 sequi
1280 2029 1497 2071 Diodorum

209 2093 330 2131 tutius
357 2092 447 2131 esset
462 2124 473 2141 ‚
491 2092 665 2142 genitum
687 2092 728 2131 in
742 2091 871 2133 Sicilia
886 2123 897 2141 ,
913 2091 1225 2143 temporibusque
1238 2121 1249 2139 ,
1268 2091 1404 2141 quibus
1427 2091 1495 2132 ista

213 2152 444 2204 gerebantur
461 2183 472 2201 ,
501 2152 733 2202 supparem:
772 2154 889 2193 modo
917 2153 1150 2194 transmissus
1176 2154 1225 2193 ad
1257 2166 1324 2192 nos
1350 2154 1496 2205 integer

211 2214 278 2254 ille
295 2214 456 2265 scriptor
478 2215 586 2254 foret.
607 2216 652 2254 In
674 2215 718 2254 iis
732 2247 742 2264 ,
763 2230 854 2267 quas
877 2217 1082 2264 habemus,
1099 2217 1269 2267 reliquiis
1283 2217 1406 2270 magis
1433 2218 1498 2256 de-

212 2275 330 2325 fidia,
351 2289 465 2328 quam
494 2275 621 2317 clades
637 2277 813 2327 Servilii,
845 2279 879 2318 ἃ
908 2279 937 2317 is
952 2308 963 2327 ,
986 2278 1091 2329 quod
1115 2278 1215 2318 nihil
1239 2279 1278 2317 in
1301 2291 1346 2318 eo
1374 2280 1498 2330 impe-

261 2387 283 2430 §
307 2387 499 2420 XXXVIII.
519 2389 628 2432 Agell.
653 2401 665 2422 1
682 2416 692 2430 ,
715 2402 744 2434 ς.
768 2391 789 2437 §
817 2391 975 2427 XXXIX.
1001 2392 1142 2429 Sueton.
1168 2394 1255 2439 Aug.
1276 2404 1306 2428 c.
1323 2391 1497 2437 89.Agell·

215 2431 238 2477 5
263 2433 335 2467 XL.
367 2433 444 2469 vai.
471 2432 566 2467 Max.
598 2434 644 2477 8,
664 2445 695 2468 1.
