1632 2641
294 132 376 181 IN
421 133 586 180 Loc,
629 133 769 181 ΜΒ.
822 135 1007 181 vam
1041 135 1190 183 mv.
1300 148 1393 202 352cv

117 247 170 282 ta.
200 240 290 282 Hoc
318 248 544 291 argumento
565 250 653 278 cum
686 239 845 278 minime
878 238 1103 290 ambiguum
1129 239 1244 287 esset,
1273 251 1392 290 penes

116 312 218 343 utras
247 302 314 341 illo
337 303 399 341 die
427 303 621 342 Romanas
647 303 777 351 copias
798 301 961 340 vic‘toriae
987 314 1071 351 pars
1100 304 1222 350 maJ'or
1243 301 1395 352 fuisset,

115 372 246 405 tamen
261 396 272 413 ,
287 365 335 403 ad
354 363 391 402 se
413 362 651 402 trahentibus
677 363 843 412 praedam
860 362 1040 402 Marianis
1053 393 1064 410 ‚
1077 362 1182 402 aliud
1202 364 1396 412 adjeetum

118 427 173 466 est
198 426 437 467 evidentius:
468 424 801 475 Parmenfibusque
823 424 983 474 legatis,
1003 425 1165 475 quitum
1190 426 1288 464 forte
1306 427 1396 465 ade-

118 494 229 533 rant,
261 484 365 523 velut
390 483 537 522 arbitris
570 483 752 529 delestis,
781 483 970 522 ostensum
995 496 1017 522 a
1049 484 1237 524 militibus
1270 485 1396 524 Catuli

119 546 174 585 est
189 576 201 594 ‚
225 544 299 596 pila
314 577 327 592 ,
343 544 481 594 quibus
509 544 632 583 hostes
646 545 818 584 transfixi
841 544 1044 594 jacebant,
1067 543 1139 582 suis
1163 544 1289 583 emissa
1317 558 1398 583 ma-

117 605 233 645 nibus
265 603 350 642 effe.
390 604 429 641 id
459 604 563 641 enim
599 604 832 652 cognoscere
861 611 1059 652 promtum
1086 614 1164 643 erat
1185 618 1231 644 ex
1257 606 1423 646 hastili-'

56 701 57 704 ,
116 668 212 715 bus,
236 668 275 705 in
301 666 439 717 quibus
469 667 710 715 imperatoris
738 665 793 704 sui
820 667 1260 718 nomeninscripserant.

173 727 352 768 LXXIV.
381 726 505 766 Mario
534 726 857 776 tamen‘priorum
880 740 1004 766 rerum
1024 728 1225 778 splendor,
1245 731 1279 769 ἃ
1305 742 1398 769 con-

116 789 258 830 sulatus
285 802 454 837 nomen,
479 788 594 844 hujus
622 801 776 838 quoque
798 790 964 827 victoriae
984 790 1143 838 glori-‘un
1169 792 1218 825 sm
1244 792 1398 835 adjudl-

114 849 248 896 cavit,
283 860 326 886 ut
357 852 420 886 vix
447 853 573 886 tenuis
604 851 694 889 inde
728 851 900 889 strictura
936 846 1075 886 Catulo
1114 847 1401 897 relinqueretur.

117 912 206 961 Jam
231 919 313 949 tum
335 909 392 948 his
410 909 521 948 rebus
545 910 584 948 in
608 909 703 948 urbe
719 910 858 948 auditis
873 939 883 957 ,
909 922 998 948 cum
1022 910 1132 948 initio
1155 911 1279 950 noetis
1300 923 1396 949 nun-2

115 975 194 1013 tius
218 971 472 1022 perveniffet,
504 986 598 1010 nemo
610 971 716 1024 ficiffi
740 972 903 1020 dicitur,
930 972 1014 1023 quin
1036 987 1108 1009 cum
1127 972 1314 1024 domesticis
1342 974 1398 1010 lzi.²

116 1035 237 1072 lariter
255 1034 446 1085 epulando,
468 1033 558 1070 inter
575 1033 730 1070 Deorum
751 1033 892 1071 nomina
911 1035 947 1072 C.
965 1034 1087 1071 Mario
1102 1033 1233 1072 libaret.
1255 1035 1329 1074 Sed
1355 1036 1397 1073 in

119 1094 319 1133 communi
348 1093 508 1132 civitatis
533 1093 688 1141 laetitia,
714 1093 880 1133 studium
908 1102 1038 1133 tamen
1065 1093 1245 1133 Romanae
1269 1095 1395 1145 plebis

116 1156 335 1202 eminebat,
361 1168 443 1205 quae
469 1155 642 1204 alioquin
669 1156 785 1195 Marii
804 1164 908 1203 tota,
938 1156 1064 1194 nimiis
1087 1155 1125 1194 in
1145 1156 1287 1195 coelum
1317 1156 1396 1195 lau.

118 1217 231 1260 dibus
257 1216 475 1264 efferendo,
507 1213 642 1253 iertium
660 1218 737 1269 post
767 1217 952 1254 Romulum
977 1217 1223 1269 Camillumque
1243 1219 1396 1256 condito-

117 1295 186 1319 rem
217 1278 459 1329 appellabat3
492 1278 572 1317 luiic
594 1279 669 1330 fhli
693 1279 898 1330 triumphum
925 1279 1077 1315 dandum
1106 1278 1302 1327 diffluum,
1337 1295 1397 1317 ne-

115 1355 182 1393 que
200 1340 365 1393 fhcietate
388 1340 590 1393 cujuffiuam
618 1341 884 1379 imminuendum
906 1342 1000 1378 tanti
1027 1341 1095 1380 viri
1119 1339 1155 1378 ἔτ’
1178 1343 1394 1393 imperatoris

114 1403 289 1441 honorem.

182 1462 342 1503 LXXV.
371 1461 549 1502 Ceterum
577 1461 731 1501 excludi
761 1460 939 1501 Catulum
965 1474 1013 1501 ne
1040 1461 1120 1513 ipse
1147 1463 1304 1512 quidem
1329 1476 1397 1503 vo-

117 1524 247 1570 lebat,
282 1537 360 1563 non
390 1525 574 1563 invidiam
612 1525 731 1563 modo
755 1524 869 1563 aliam
894 1525 1059 1573 veritus,
1092 1523 1155 1563 sed
1181 1524 1320 1573 etiam,
1343 1538 1394 1564 ne

116 1586 301 1627 militibus
321 1586 455 1627 'Catuli
481 1587 775 1626 reclamantibus
793 1616 803 1634 ‚
826 1586 893 1625 suo
922 1600 1073 1637 quoque
1103 1585 1300 1638 triumpho
1323 1589 1394 1625 itu-

116 1649 385 1701 pedimentum
418 1649 661 1698 objiceretur.
715 1649 821 1699 Quin
856 1651 891 1688 &
924 1648 1000 1687 alio
1028 1648 1131 1688 facito
1166 1648 1396 1692 modestiam

118 1711 225 1751 haud
243 1711 436 1762 vulgarem
460 1712 636 1762 praetulit.
666 1713 765 1752 Cum
788 1712 891 1751 enim
913 1714 1029 1751 totius
1054 1713 1216 1751 civitatis
1239 1712 1397 1751 consen.

118 1773 186 1822 su,
226 1781 409 1823 tanquam
433 1773 536 1812 haud
575 1773 714 1812 dubius
748 1773 912 1812 servator
939 1773 1043 1812 urbis
1070 1781 1251 1824 exceptus
1278 1773 1396 1822 effer,

120 1833 341 1885 duplexque
368 1834 587 1885 triumphus
622 1834 850 1881 offerretur,
886 1844 1090 1873 contentus
1121 1847 1198 1873 uno
1225 1835 1321 1874 fuit:
1351 1836 1397 1873 fi-

119 1897 278 1947 mulque
300 1898 348 1936 de
368 1897 554 1937 Teutonis
579 1909 624 1936 ac
649 1896 931 1944 Ambronibus,
958 1910 1052 1947 quos
1084 1898 1132 1935 ad
1159 1898 1283 1945 Aquas
1306 1897 1394 1936 Sex«

119 1960 215 2006 tias,
241 1960 277 1998 6<
302 1959 350 1997 de
379 1957 544 1997 Cimbris
559 1987 571 2006 ,
592 1971 687 2008 quos
709 1959 819 2007 juxta
842 1958 988 1998 Padum
1011 1959 1154 1998 vicerat
1169 1987 1180 2007 ,
1206 1956 1394 2008 speciosis-

119 2021 211 2061 fime
245 2021 503 2071 triumphavit.

176 2084 353 2126 LXXVI.
384 2085 489 2124 Inter
509 2083 659 2123 nobiles
685 2085 856 2135 captivos
873 2084 1150 2125 Teutobodum
1173 2096 1300 2133 regem
1327 2095 1394 2121 ant

122 2154 162 2186 te
187 2159 339 2184 currum
362 2149 462 2197 egit,
483 2156 597 2186 tantae
623 2148 864 2197 proceritatis
886 2149 1029 2196 virum,
1056 2155 1097 2185 ut
1118 2147 1227 2196 super
1255 2154 1398 2195 tropaea

122 2207 202 2258 ipsa
229 2208 424 2247 emineret.
461 2221 541 2258 quae
571 2221 628 2249 res
654 2209 832 2248 staturam
861 2210 984 2259 arguit
1009 2209 1154 2258 pedum
1184 2205 1399 2256 vulgarium

181 2335 203 2378 5
227 2335 379 2366 Lxxur.
408 2335 552 2378 Eutrop.
591 2335 679 2367 Plut.
715 2335 736 2379 §
770 2334 920 2368 Lxxlv.
953 2334 1027 2366 var
1047 2333 1139 2365 Max.
1168 2332 1208 2373 ε,
1237 2341 1287 2371 15.
1309 2330 1401 2364 Plut-

125 2379 150 2421 ξ
175 2379 308 2412 LXXV.
336 2380 405 2411 Cic.
421 2378 520 2410 Tusc.
544 2380 656 2422 quaest.
681 2389 695 2417 5
712 2406 720 2419 ,
743 2389 795 2420 19.
817 2379 891 2414 [ἰν.
915 2377 1004 2423 Epit.
1022 2378 1110 2412 le.
1132 2376 1251 2412 Euseb.
1271 2374 1402 2410 Auster
1452 2406 1457 2407 .

121 2425 162 2458 de
188 2424 263 2460 Vir.
295 2425 342 2457 ill.
369 2435 398 2458 c.
423 2423 476 2464 67.
494 2424 571 2459 Val.
598 2423 692 2458 Max.
720 2434 761 2467 2,
785 2434 818 2459 2.
