1632 2641
232 127 293 174 62
396 121 1422 172 JO.FRE1NS}2EM118UPPLE·.M

233 234 324 274 loco
352 230 531 283 projectis
559 228 670 268 hastis
692 228 954 276 consistentes,
977 228 1195 279 exciperent
1216 228 1434 269 irruituros:
1452 229 1519 282 ipsi

233 308 362 347 neque
395 291 618 333 lacesserent
642 291 814 336 hostem,
851 304 976 341 neque
1013 292 1217 330 cedentem
1248 291 1521 342 persequeren-

232 367 305 399 tur.
332 369 420 395 nam
439 354 544 393 secus
567 354 591 392 si
617 353 750 400 fieret,
776 352 1078 393 distrahebantur
1101 352 1275 400 ordines,
1302 353 1405 402 quod
1419 350 1520 390 sum-

231 434 299 460 ma
333 417 583 457 contentione
612 414 803 463 Rutilius,
830 423 1013 465 tanquam
1041 413 1233 465 praesentis
1264 414 1396 460 exitii,
1422 414 1523 454 vita-

232 483 314 523 bat.
347 479 422 521 Sed
447 478 599 517 immoti
626 476 771 527 equites
795 489 816 516 a
836 476 1016 516 velitibus
1048 475 1227 527 Hispanis
1252 477 1414 526 impune
1442 475 1523 514 vul-

230 542 357 585 nerari
386 547 586 593 poterant:
619 552 744 589 neque
778 538 844 578 diu
879 536 1117 585 restitissent,
1144 537 1209 576 nisi
1242 536 1519 588 diligentissimi

229 604 476 656 imperatoris
502 600 748 651 providentia
775 598 931 637 fuissent
951 600 1085 649 erepti.
1115 599 1270 649 Quippe
1293 599 1448 649 Scipio,
1476 598 1520 636 si-

226 666 316 708 mul
344 673 456 714 atque
487 661 678 702 Rutilium
712 660 863 711 longius
888 661 987 710 justo
1019 663 1246 712 provectum
1280 660 1451 708 vidilset,
1479 660 1518 698 id

233 728 338 780 quod
367 734 445 765 erat
472 723 700 773 suspicatus,
726 722 926 761 confestim
950 722 1054 773 sequi
1080 723 1302 763 instituerat.
1338 722 1425 762 Viso
1449 723 1518 773 igi-

234 798 296 830 tur
324 787 497 840 praesenti
526 786 621 823 statu
649 797 798 832 rerum,
833 783 1017 834 bipartito
1056 784 1181 823 divisis
1217 784 1431 834 equitibus,
1466 784 1521 821 al-

232 852 393 890 ternatim
421 861 614 902 procurrere
631 876 642 895 ,
671 847 707 885 6¹
738 845 912 916 confertim
946 847 1015 884 tela
1047 846 1239 898 conjicere,
1269 848 1391 882 deinde
1410 844 1448 894 ft
1473 858 1521 881 re·
1554 890 1558 893 Ι

235 917 345 966 cipere
371 911 502 961 jubet3
527 925 595 948 non
616 910 753 948 eundem
779 910 815 946 in
838 910 890 947 loc
875 923 967 955 z;,m
989 908 1078 944 unde
1106 922 1179 960 pro
1182 906 1356 959 upffm,
1376 906 1441 957 sed
1458 906 1525 943 ali-

232 989 340 1030 quant
344 992 363 1012 o
393 975 513 1022 verfizs
545 986 698 1022 campum
723 971 876 1021 longius.
915 971 967 1008 ita
995 981 1084 1007 cum
1119 967 1265 1018 semper
1296 967 1410 1007 altera
1433 980 1519 1017 pars

232 1036 478 1076 submoveret
503 1029 671 1074 hostem
699 1026 816 1067 altera
846 1035 946 1068 retro
972 1028 1116 1079 legeret
1149 1029 1272 1076 viam,
1309 1029 1452 1067 evolvit
1483 1027 1521 1066 se

233 1100 411 1140 locorum
435 1091 725 1134 difficultatibus
745 1122 755 1141 ‚
791 1090 1027 1142 planitieque
1052 1099 1275 1142 recuperata
1302 1090 1516 1130 incolumes

235 1162 324 1202 suos
350 1157 522 1199 abduxit.

291 1229 379 1269 XV.
410 1224 585 1267 Moventi
610 1223 751 1263 deinde
778 1221 921 1269 castra,
948 1233 1035 1260 cum
1056 1223 1107 1260 ad
1118 1222 1248 1260 vadum
1271 1222 1406 1270 amnis,
1427 1235 1524 1274 quem

236 1291 444 1340 transtu-trus
467 1287 679 1330 videbatur,
713 1284 904 1337 exspeblare
931 1297 1004 1320 eum
1029 1283 1167 1336 hostiles
1194 1282 1324 1333 insidia:
1350 1282 1523 1320 diceren-

240 1359 330 1397 tur3
362 1347 495 1386 nolens
524 1347 563 1384 in
599 1344 746 1384 difficili
775 1346 811 1384 δε
845 1343 999 1383 coenoso
1040 1346 1199 1393 trajeclu
1228 1355 1322 1382 vcum
1352 1343 1522 1383 hostibus

239 1411 471 1461 confligere,
495 1408 603 1448 flexit
627 1408 725 1455 iter,
760 1409 796 1446 δε
828 1405 1002 1456 longiore
1033 1406 1118 1446 via
1152 1405 1352 1455 minusque
1382 1405 1522 1444 insidiis

240 1482 482 1525 opportuna,
504 1471 699 1511 nocturnis
723 1469 924 1509 itineribus
946 1469 1127 1520 regressus
1148 1469 1212 1508 est.
1238 1468 1397 1519 urgebat
1418 1469 1520 1506 enim

240 1537 346 1576 'estus
374 1538 408 1576 ἃ
433 1546 615 1585 aquarum
640 1533 819 1584 penuria,
847 1532 909 1571 cui
936 1540 979 1571 ut
1004 1532 1287 1580 subveniretur,
1311 1523 1442 1583 paffim
1467 1532 1524 1570 fo-

243 1600 281 1637 di
310 1607 446 1648 puteos
474 1597 698 1645 imperavit,
723 1594 763 1632 in
785 1593 922 1644 quibus
945 1607 1072 1633 amara
1094 1594 1322 1645 pler-rumque
1345 1608 1438 1645 aqua
1468 1607 1524 1633 re-

242 1666 359 1709 perta.
394 1658 521 1707 Quare
551 1668 691 1705 magno
714 1652 963 1693 cum'labore
989 1655 1143 1696 servatis
1170 1654 1383 1703 militibus,
1406 1669 1525 1706 equo-

239 1734 325 1760 rum
347 1729 477 1760 tamen
500 1717 738 1768 aliorumque
756 1718 1020 1767 jumentorum
1048 1730 1134 1768 pars
1166 1718 1323 1757 interiit.
1370 1742 1389 1753 -.

294 1789 403 1831 XVI.
436 1789 540 1829 Hinc
562 1788 611 1827 ad
638 1787 885 1827 Caucaeorum
917 1787 1010 1826 fines
1039 1795 1262 1837 perventum
1285 1800 1293 1826 ;
1319 1785 1383 1824 hic
1399 1817 1409 1834 ‚
1436 1785 1523 1836 quia

240 1854 489 1907 profugerant
520 1851 681 1899 incolae,
710 1850 859 1891 Luculli
892 1864 1104 1899 memores,
1132 1864 1153 1890 a
1178 1864 1253 1901 quo
1282 1851 1433 1900 decepti
1463 1863 1524 1889 va-

240 1917 400 1968 statique
426 1916 601 1963 fuerant,
626 1913 907 1965 proclamatum
933 1915 1008 1960 est,
1031 1917 1195 1955 Caucaeos
1222 1914 1342 1953 reverti
1363 1915 1412 1951 ad
1425 1914 1496 1966 fita
1513 1944 1525 1962 ,

234 1981 311 2032 fide
333 1978 510 2032 Scipionis
533 1977 638 2029 poffi.
674 1976 838 2016 Transiit
876 1976 1014 2016 deinde
1052 1977 1092 2014 in
1128 1976 1454 2015 Numantinorum
1481 1973 1526 2012 fi-

241 2055 332 2091 nes,
359 2048 402 2079 ut
425 2053 490 2080 eos
515 2039 751 2090 potissimum
770 2038 940 2077 hibernis
967 2047 1169 2089 premeret.
1196 2037 1249 2076 ibi
1267 2036 1454 2086 ,Iugurtha
1472 2037 1522 2075 ad

247 2118 336 2144 eum
365 2103 472 2143 venit
507 2100 706 2142 Masinissae
733 2114 881 2151 nepos,
915 2113 1029 2150 quem
1062 2099 1207 2139 auxilio
1237 2099 1406 2149 Scipioni
1437 2111 1527 2138 cum

247 2166 456 2206 duodecim
489 2163 734 2214 elephantis,
768 2165 804 2202 δε
836 2162 1055 2201 contributo
1090 2162 1148 2201 his
1181 2160 1457 2211 sagittariorum
1492 2163 1528 2200 &

244 2227 488 2267 funditorum
516 2237 677 2264 numero
698 2223 861 2273 Micipsa
883 2222 1055 2262 miserat:
1088 2236 1167 2261 non
1194 2221 1331 2261 honori
1353 2224 1434 2271 ejus
1457 2221 1528 2260 stu-

249 2291 356 2338 dens,
373 2288 438 2328 sed
455 2295 497 2327 ut
514 2299 665 2340 gravem
685 2285 786 2325 aetati
799 2285 871 2324 suae
888 2284 1172 2334 liberorumque
1187 2286 1367 2333 juvenem
1379 2314 1390 2330 ‚
1407 2283 1528 2333 asper-

251 2351 352 2390 rimis
377 2350 546 2390 hostibus
574 2348 795 2399 objectum,
821 2349 916 2387 citra
945 2347 1131 2387 invidiam
1164 2346 1266 2385 suam
1296 2345 1546 2397 periculum-·

248 2425 322 2461 que
347 2410 578 2452 amoliretur.
616 2410 690 2450 Sed
714 2410 754 2450 id
777 2409 976 2448 confilium
1004 2408 1081 2447 seni
1116 2409 1155 2447 in
1190 2407 1419 2446 contrarium
1450 2419 1528 2446 ver-
