1632 2641
246 104 333 198 36⁷
405 132 1436 181 JO.FRE1NSHEM118UPPLEM.

244 242 406 294 praefidii
426 241 539 281 rebus
559 240 709 280 afflietis
734 239 910 292 possent,
938 240 1132 280 Diodotus
1163 241 1338 280 animum
1364 240 1528 291 adjicere

246 305 366 355 coepit
396 306 445 344 ad.
472 316 633 355 regnum
658 303 798 355 Syriae,
822 316 939 353 puero
966 315 1052 353 rege
1081 303 1303 351 interfecto,
1332 302 1398 341 fibi
1424 315 1531 342 com-

244 366 471 416 parandum.
504 365 548 404 In
572 378 620 404 eo
647 363 803 403 confilio
829 377 919 402 cum
947 361 1235 402 adversaturum
1261 363 1328 402 fibi
1349 363 1532 411 jonatha-

244 439 333 465 nem
356 427 534 474 Judaeum
558 425 812 476 intelligeret,
841 424 1044 464 fallacibus
1079 423 1266 476 promissis
1295 424 1531 465 Ptolemaida

244 500 448 531 evocatum
473 492 616 539 vincit,
642 492 782 531 deinde
810 490 968 529 occidit.

300 555 486 595 XXXVI.
519 556 654 605 Neque
683 553 806 592 multo
832 552 914 602 post
937 549 1173 591 Antiochum
1192 564 1344 602 regem,
1367 563 1531 602 puerum

246 619 476 668 decennem,
499 632 615 670 opera
641 618 882 657 medicorum
903 615 1103 662 interficit3
1131 615 1194 665 qui
1210 646 1221 663 ,
1244 616 1292 655 ad
1316 615 1504 665 populum
1520 646 1530 659 ,

245 680 464 720 valetudine
480 681 580 731 regis
596 682 773 726 anxium,
792 676 929 717 calculi
945 676 1077 716 dolore
1092 675 1264 715 consumi
1279 690 1367 716 eum
1387 676 1534 726 fingen-

245 751 328 790 tes,
352 741 445 780 dum
475 741 627 788 secant,
658 742 942 778 Interemerunt.
979 736 1196 782 Diodotus,
1226 736 1359 774 amicis
1383 737 1531 775 circum

244 803 412 852 praefidia
435 801 600 841 militum
620 800 776 840 dimissis
788 831 799 848 ,
814 799 989 839 homines
1005 829 1015 846 ,
1033 799 1081 836 de
1095 797 1269 848 praesenti
1292 803 1441 835 tantum
1458 798 1532 835 uti-

243 865 354 904 litate
381 865 577 911 sollicitos,
600 864 777 915 precibus
803 865 840 903 ὃς
867 861 1054 912 promissis
1075 859 1250 910 prensare
1274 859 1444 898 instituit.
1466 872 1533 898 ne-

247 943 321 980 que
355 929 491 968 decora
521 929 561 967 in
591 927 758 977 speciem
791 930 1017 974 argumenta
1043 922 1211 961 deerant.
1257 922 1438 960 Neminem
1470 934 1534 960 aut

247 993 370 1031 melius
395 993 435 1029 de
462 1005 564 1044 regno
591 986 857 1039 exercitibusque
884 986 1062 1032 meritum,
1096 996 1159 1022 aut
1187 997 1286 1022 tanto
1304 983 1451 1037 fitstt'gio
1478 986 1534 1022 di-

240 1055 391 1107 gniorem
418 1052 491 1104 effe.
529 1053 649 1105 Neque
677 1052 728 1088 ad
747 1049 955 1090 Seleucidas
978 1048 1251 1102 respiciundum‚
1267 1047 1397 1100 saepius
1424 1048 1531 1098 hostes

243 1117 454 1154 exercituum
472 1146 483 1163 ,
515 1128 616 1166 quam
645 1113 749 1150 duces
778 1111 1022 1164 patronosque.
1057 1120 1218 1161 praetcrea
1248 1110 1464 1146 Demetrium
1493 1107 1532 1145 in

240 1179 405 1231 potestate
433 1177 643 1215 Parthorum
667 1188 774 1227 agere.
801 1173 1017 1212 Antiochum
1041 1171 1253 1209 inimicitias
1277 1170 1429 1222 iramque
1452 1182 1533 1208 tan-

246 1255 350 1293 quam
390 1240 557 1293 adverfics
590 1237 770 1291 defet‘lores
800 1235 955 1288 profiteri
968 1250 985 1283 ‚·
1015 1247 1148 1273 atroces
1179 1235 1223 1272 ab
1257 1234 1377 1285 invisis
1407 1248 1533 1285 poenas

244 1304 440 1340 exac‘lurum
457 1332 469 1349 ‚
486 1303 522 1353 fi
546 1315 647 1353 quam
662 1297 873 1352 facultatem
902 1296 979 1349 ejus
1003 1297 1051 1334 rei
1073 1295 1254 1347 habuzffet.
1288 1310 1329 1333 ne
1353 1296 1432 1333 bene
1457 1295 1533 1347 qui-

244 1366 318 1402 dem
337 1365 540 1403 merentibus
562 1363 671 1431 fligna
686 1360 820 1412 sperari
841 1359 984 1412 praernia
1004 1358 1049 1396 ab
1067 1359 1165 1410 inopi
1184 1356 1300 1410 poffi:
1326 1369 1365 1395 at
1390 1357 1427 1394 in
1439 1358 1532 1394 Dio-

244 1427 321 1464 doti
340 1440 446 1464 manu
471 1425 593 1463 aeraria
619 1422 858 1476 thesaurosque
878 1419 961 1472 effe,
989 1420 1114 1471 quibus
1140 1417 1174 1455 δ’
1200 1418 1298 1456 alias
1316 1419 1414 1456 haud
1427 1432 1531 1470 parce

244 1489 349 1540 usus,
374 1500 464 1524 nunc
493 1497 592 1523 tanto
615 1482 796 1520 liberalius
819 1482 967 1518 daturus
985 1479 1159 1531 pecunias
1187 1477 1288 1530 effit,
1307 1490 1439 1531 quanto
1458 1493 1530 1517 ma

239 1549 348 1602 jorem
371 1550 421 1585 ad
439 1548 535 1599 spem
552 1544 724 1598 suffragia
749 1543 897 1581 militum
915 1553 1132 1594 pararentur.

298 1609 510 1651 XXXVII.
543 1609 589 1647 stt
614 1606 691 1654 illi,
717 1604 811 1644 olim
834 1603 964 1642 omnia
990 1602 1065 1642 suis
1087 1602 1303 1642 commodis
1329 1602 1452 1641 metiri
1479 1601 1530 1641 as-

244 1671 362 1717 sueti,
383 1669 498 1709 facile
514 1668 782 1707 assentiuntur:
806 1679 929 1716 neque
953 1665 1125 1703 civitates
1151 1664 1350 1713 abnuunt,
1369 1664 1530 1714 promtis

244 1731 450 1784 praesertim
485 1727 778 1780 Apamensibus,
811 1728 914 1778 apud
946 1738 1041 1777 quos
1073 1727 1258 1765 educatus
1290 1727 1415 1765 fuerat
1439 1726 1531 1765 Dio-

247 1795 388 1842 dotus;
416 1805 504 1832 cum
531 1789 740 1839 Comanis,
763 1790 868 1840 quod
900 1791 980 1841 agri
1011 1789 1199 1839 Apameni
1234 1789 1432 1827 castellum
1457 1788 1529 1836 est,

244 1856 372 1894 lucem
402 1854 570 1905 primum
605 1850 815 1903 aspexisset.
862 1852 924 1891 Sic
955 1850 1071 1901 igitur
1098 1850 1202 1901 Syria
1241 1850 1408 1900 potitus,
1440 1861 1529 1887 con-

245 1918 380 1963 tinuo,
404 1914 594 1966 quidquid
624 1914 806 1953 haetenus
832 1913 1013 1953 vitiorum
1040 1913 1256 1952 honestiore
1280 1911 1441 1962 persona
1464 1911 1530 1951 ob-

245 1986 414 2027 texerat,
439 1977 633 2028 explicuit.
661 1976 859 2026 Quamdiu
881 1976 985 2014 enim
1008 1976 1200 2026 privatum
1222 1982 1374 2025 egerat,
1392 1974 1527 2023 insigni

244 2040 371 2091 specie
397 2037 589 2078 comitatis
610 2039 647 2076 ἃ
673 2037 862 2076 modestiae
892 2038 1046 2077 ductare
1075 2036 1233 2088 vulgum
1257 2035 1410 2083 solitus,
1443 2043 1526 2074 tum

243 2110 372 2152 aperte
386 2099 452 2138 suo
475 2098 631 2149 ingenio
652 2098 709 2135 uti
729 2098 871 2148 coepit,
893 2109 1101 2147 verumque
1115 2095 1369 2146 Tryphonem
1393 2107 1526 2145 agere,

246 2165 352 2214 quod
371 2175 589 2213 cognomen
603 2168 794 2211 occupato
817 2172 934 2210 regno
958 2158 1039 2210 ipse
1056 2158 1266 2208 delegerat.
1296 2159 1526 2209 Quanquam

242 2234 370 2264 autem
394 2223 481 2263 satis
495 2223 532 2262 se
557 2223 747 2262 munitum
771 2222 943 2272 potentia
968 2220 1128 2271 putabat
1144 2219 1322 2259 adversus
1343 2217 1520 2258 aemulos:

245 2296 375 2328 tamen
403 2286 450 2326 ad
474 2285 717 2326 securitatem
743 2282 848 2323 suam
879 2281 1071 2333 decusque
1096 2281 1309 2334 plurimum
1337 2279 1527 2330 pertinere

294 2406 315 2446 ς
344 2404 483 2438 XXXV.
505 2402 648 2436 Diodor.
672 2415 725 2478 εξ.
752 2402 850 2434 Fulv.
872 2400 982 2433 Urfin.
1006 2399 1207 2441 §XXXVL
1235 2397 1454 2443 Joseph.13,
1478 2405 1532 2434 10

244 2450 524 2490 Macchah.1,.2
543 2448 670 2491 sulpio.
713 2458 802 2480 ever.
823 2445 901 2479 Liv.
928 2445 1016 2490 E'pit
1041 2443 1155 2478 Just‘m.
1183 2443 1235 2487 5ῃὸ
1261 2454 1290 2477 ι.
