1632 2641
342 118 421 164 IN
463 93 972 162 LOC.L113.L1V
1033 116 1213 162 Lrv„
1395 131 1418 176 3

131 229 240 263 caute
265 220 559 260 transcurrentes
587 220 738 268 excepti
770 218 818 257 ab
844 218 1016 260 hostibus
1049 221 1192 269 effent,
1225 221 1266 260 in
1298 221 1423 272 plani-

129 286 181 324 tie
209 283 373 334 quadam
398 281 547 320 instruit
576 281 725 329 aciem,
757 281 805 319 de
828 279 975 321 summa
1001 295 1129 322 rerum
1159 284 1420 324 dimicaturus,

130 348 407 387 descenderunt
418 345 556 384 eodem
573 346 608 384 ἂι
627 344 873 384 Numantini:
898 353 961 390 at,
985 356 1073 384 cum
1095 346 1260 396 iniquior
1279 359 1416 397 pugnae

126 409 257 448 futura
284 407 458 446 conditio
488 406 702 454 videretur,
733 411 852 458 (nam
882 406 930 444 de
954 405 1126 445 millibus
1158 408 1324 447 virorum
1356 409 1420 448 de-

130 483 238 518 cem,
265 477 359 520 quot
383 468 495 506 initio
522 466 612 506 belli
635 467 845 507 Numantia
868 476 1105 514 armaverat,
1134 482 1311 520 magnam
1339 484 1421 521 par.

128 538 206 570 tem
228 540 287 570 tot
309 530 520 570 certamina
547 527 836 577 absumserant)
866 527 1050 579 paulatim
1079 527 1116 567 se
1140 529 1418 581 subducentes,

126 592 202 630 fine
219 593 447 631 detrimento
471 591 567 629 intra
589 590 828 629 munimenta
844 590 1078 640 refugerunt.
1103 589 1308 641 Pompejus
1322 622 1332 640 ,
1346 592 1418 631 dif-

126 654 297 694 ficultate
335 654 510 692 locorum
547 655 581 692 ἃ
618 653 850 703 quotidianis
887 652 1174 692 velitationibus
1211 655 1416 706 fatigatus,

126 730 215 756 cum
243 731 261 755 a
296 715 417 754 multo
452 714 696 765 paucioribus
724 714 825 764 carpi
861 713 944 754 suas
991 716 1124 765 copias
1149 714 1257 754 nullo
1291 730 1416 767 operae

97 780 100 784 ’
125 780 249 830 pretio
276 779 448 823 videret,
473 777 734 817 Termantiam
757 776 970 816 faciliorem
994 778 1308 829 oppugnantibus
1332 779 1414 819 fore

124 853 251 888 ratus,
277 854 321 880 eo
351 839 561 879 transduxit
589 840 809 879 exercitum.
850 841 925 880 Sed
954 843 989 880 ὁὶ
1018 840 1071 881 ibi
1103 855 1229 893 neque
1260 843 1414 883 mollior

123 904 264 951 hostiS,
295 915 418 952 neque
441 901 629 941 faventior
654 902 809 942 fortuna
830 903 982 942 inventa
998 934 1009 952 ,
1038 905 1177 944 eodem
1209 906 1272 944 die
1289 906 1411 946 tribus

124 966 384 1006 incommodis
413 964 592 1015 acceptis.
626 977 716 1002 nam
746 966 781 1004 ὁὶ
806 977 934 1015 pugna
961 966 1082 1005 amissi
1110 967 1251 1007 milites
1272 967 1413 1019 septin-

123 1032 226 1082 genti
247 1032 423 1080 suerant3
451 1032 485 1070 ἃ
508 1030 682 1069 tribunus
699 1030 863 1070 militum
878 1062 889 1079 .,
905 1033 970 1082 qui
995 1043 1255 1072 commeatum
1279 1033 1320 1072 in
1343 1045 1412 1073 ca-

120 1094 192 1132 stra
209 1093 448 1140 advehebat,
475 1092 662 1143 repulsus:
687 1095 721 1133 &
744 1105 832 1133 cum
857 1095 910 1134 ira
936 1107 980 1134 ac
1010 1096 1224 1146 cupiditate
1251 1094 1408 1135 ultionis

120 1156 304 1195 fervidius
330 1153 543 1202 institisset,
578 1154 753 1205 protrusrs
781 1156 827 1194 ad
855 1157 1066 1207 praecipitia
1092 1156 1179 1195 loca
1201 1156 1407 1196 Romano-

121 1230 206 1255 rum
234 1216 455 1264 ordinibus,
484 1215 595 1254 multi
626 1217 773 1266 pedites
810 1217 1027 1267 equitesque
1057 1230 1146 1256 cum
1169 1217 1253 1268 ipsis
1276 1218 1406 1268 cquis,

120 1292 186 1329 per
207 1280 417 1329 praecipitia
441 1278 633 1325 devoluti,
658 1279 861 1328 perierunt.
895 1280 1081 1320 Tenebrae
1109 1281 1404 1321 intervenientes

121 1342 239 1390 magis
264 1339 505 1390 periculum,
533 1353 645 1389 quani
678 1341 839 1390 periculi
868 1343 1092 1392 opinionem
1121 1343 1316 1383 distulere:
1344 1353 1403 1384 to-

118 1412 231 1452 taque
251 1415 327 1440 nox
353 1402 393 1440 in
417 1403 530 1440 armis
555 1405 686 1442 exacta
715 1403 778 1442 est.

185 1473 249 1513 IV.
282 1474 420 1523 Neque
447 1472 579 1520 secus,
612 1482 723 1524 atque
751 1475 1021 1524 conjecerant,
1054 1488 1143 1515 cum
1170 1475 1258 1516 lucc
1291 1477 1398 1517 simul

116 1535 242 1575 hostes
271 1535 435 1575 affuere:
474 1536 503 1574 is
528 1549 680 1586 quoque
711 1537 792 1576 dies
821 1546 922 1576 totus
946 1539 1127 1578 certando
1151 1539 1397 1590 consumtus,

119 1600 154 1638 ἃ
180 1607 316 1637 neutro
333 1597 541 1636 inclinante
563 1599 718 1637 vicloria
734 1629 746 1645 ,
772 1598 949 1649 proelium
973 1613 1049 1639 nox
1072 1597 1238 1641 diremit.
1267 1603 1399 1642 Acrior

114 1667 245 1696 tamen
261 1689 273 1704 ‚
295 1667 337 1695 ut
362 1658 400 1695 in
431 1658 643 1708 angustiore
669 1672 828 1698 numero
844 1690 857 1706 ,
886 1660 1014 1699 damni
1039 1660 1164 1700 sensus
1194 1662 1397 1702 Termesti-

115 1722 173 1761 nis
206 1722 305 1761 fuit:
339 1734 413 1771 quo
450 1735 568 1772 prope
602 1721 779 1762 ultimam
809 1722 1111 1774 desperationem
1143 1725 1266 1765 adacti
1296 1725 1394 1766 sunt.

113 1784 210 1825 Inde
241 1784 445 1833 Pompejus
474 1785 522 1823 ad
554 1797 712 1834 parvum
741 1786 930 1837 oppidum
960 1787 1121 1827 Maliam
1149 1789 1281 1827 movit.
1316 1789 1393 1828 Sed

112 1846 317 1888 Malienses
329 1877 340 1895 ‚
361 1846 485 1885 occiso
502 1848 669 1897 praesidio
685 1849 1009 1889 Numantinorum
1025 1882 1035 1900 ‚
1060 1850 1190 1890 locum
1204 1851 1389 1900 Pompejo

112 1910 363 1949 tradiderunt.
391 1909 484 1958 Ille,
505 1912 618 1949 armis
645 1910 911 1962 obfidibusque
940 1914 1134 1962 acceptis,
1159 1912 1198 1950 in
1225 1912 1391 1951 Sedeta-

111 1973 216 2012 niam
238 1974 428 2023 perrexit,
456 1982 498 2011 ut
524 1986 610 2012 earn
634 1975 829 2024 regionem
855 1975 903 2014 ab
926 1975 1202 2014 incursionibus
1223 1975 1389 2025 Tangini

113 2031 338 2081 cujusdam,
367 2032 557 2072 latronum
590 2034 720 2083 ducis,
751 2035 935 2075 liberaret.
974 2037 1033 2076 Ibi
1066 2036 1159 2076 felix
1189 2037 1386 2087 expeditio

110 2091 204 2131 fuit:
228 2092 339 2130 multi
362 2092 527 2132 latrones
550 2094 662 2133 occisi
680 2126 691 2143 ,
714 2095 826 2134 multi
851 2097 962 2146 capti.
993 2097 1068 2137 Sed
1090 2105 1196 2136 tanta
1218 2097 1290 2135 fuit
1314 2096 1387 2135 ho·

112 2155 261 2193 minum
285 2155 413 2194 feritas
428 2186 439 2203 ‚
463 2165 506 2194 ut
529 2156 745 2196 servitutem
767 2170 882 2197 nemo
904 2159 1037 2207 ferret3
1060 2158 1123 2197 alii
1143 2157 1388 2208 semetipsos,

111 2216 246 2255 us1tato
263 2218 438 2267 gentibus
461 2217 532 2258 illis
553 2219 746 2267 facinore,
769 2220 831 2259 alii
856 2231 1019 2260 emtores
1040 2223 1280 2268 occiderent3
1305 2221 1384 2270 qui-

113 2277 230 2324 dam,
249 2278 341 2317 dum
367 2279 690 2330 transportantur,
710 2281 872 2331 navibus
885 2282 1233 2334 perforatis,seque
1258 2286 1293 2323 ὃς
1320 2293 1382 2321 ce-

157 2416 182 2461 §
217 2417 273 2452 111.
293 2419 442 2464 Appian.
468 2420 592 2465 Vellej.
620 2433 660 2463 2,
685 2433 715 2456 1.
1052 2426 1054 2428 ’

1035 2481 1076 2527 Α
1108 2496 1135 2527 2
