1632 2641
225 125 287 188 78
387 104 1418 174 JO.FRE1NSHEM118UPPLEM.·

230 246 316 272 eam
343 231 482 271 sortem
503 229 608 270 culta
634 232 824 279 maxime3
859 230 924 270 sed
955 243 1028 281 qua
1051 230 1155 270 bello
1170 260 1182 279 ‚
1204 238 1248 269 ut
1271 230 1426 278 assolet,
1448 240 1505 267 va„

229 295 322 334 stata
340 293 582 344 squalebant,
605 294 785 343 quoniam
809 292 980 343 impensa
999 295 1034 332 &
1054 292 1160 330 cuitu
1179 291 1372 342 longiore,
1387 293 1421 331 δέ
1437 292 1505 340 prl-

230 358 306 396 mis
323 355 429 395 annis
451 367 588 405 parum
610 354 830 402 f‘ruffhroso,
845 353 1031 403 egebant,
1057 352 1126 392 su'o
1150 352 1342 393 tolerabili
1366 351 1502 390 tributo

231 417 389 469 publice
423 417 684 457 elocabantur.
723 417 772 456 de
808 415 1195 467 frugibus¹decin1ae,
1227 415 1274 454 de
1310 412 1505 453 arboribm

234 479 374 529 quintae
400 478 691 529 pendebantur:
729 486 884 529 eratque
910 479 1027 518 etiam
1051 478 1091 517 in
1123 485 1293 518 armenta
1316 479 1351 518 ἅ
1381 486 1504 528 greges

232 539 395 590 vcdtigal
419 541 679 581 constitutum.

286 601 351 641 IV.
380 602 438 642 Ita
464 604 654 653 putabant
684 603 789 650 fore,
813 609 856 641 ut
881 598 1127 652 possessores,
1154 613 1242 641 cum
1264 599 1330 652 ipfi
1358 607 1504 640 tantum

233 676 414 713 agrorum
443 664 568 701 colere
593 665 819 712 nequirent,
844 677 911 714 per
941 665 1194 703 mercenarios
1218 665 1366 714 generis
1389 661 1528 702 Italici.

233 724 426 764 colerent:
449 725 553 774 quod
585 737 674 764 cum
703 724 844 764 laboris
875 725 1097 776 militiaeque
1120 727 1434 776 patientissimum
1459 724 1508 764 es-

233 785 315 836 set,
336 800 379 826 ea
404 786 641 837 potissinium
665 789 813 826 ratione
840 789 1030 827 contineri
1060 787 1167 827 simul
1195 787 1322 838 alique
1341 788 1445 838 posse
1465 788 1511 826 ad

234 849 509 889 continuorum
544 847 733 888 beliorum
776 850 975 889 auxiliares
1014 850 1182 890 deleaus
1223 849 1513 889 arbitrabantur.

236 911 314 951 Sed
341 923 397 949 res
423 909 498 950 alio
522 910 660 959 vertit,
688 911 843 950 avaritia
865 914 900 951 δέ
923 912 1002 950 astu
1026 912 1213 954 divitum,
1241 913 1306 953 qui
1338 911 1516 953 pul-‚liem-

238 983 372 1020 agros,
390 977 432 1010 ut
450 969 666 1021 longissimo
687 978 862 1020 tempore
884 969 1168 1018 poffeffos‚,pro
1183 963 1256 1001 suis
1278 963 1518 1009 retinebant,

234 1032 513 1076 augebantque..
540 1032 736 1071 Submotis
760 1033 862 1070 enim
895 1028 1083 1080 paulatim
1110 1033 1176 1064 aut
1197 1026 1258 1073 vi,
1279 1033 1343 1063 aut
1372 1025 1517 1075 pretio,

236 1087 428 1127 veteribus
447 1085 637 1131 dominis,
663 1096 742 1123 non
762 1087 841 1134 jam
865 1099 995 1137 agros,
1010 1088 1074 1127 sed
1093 1087 1297 1126 latifundia
1321 1086 1515 1135 colentes,

238 1150 495 1200 ingenuorum
535 1159 693 1197 operam
729 1146 1057 1198 aspernabantur,
1090 1147 1322 1198 servitiisque
1357 1148 1520 1187 coemtis

237 1222 324 1250 rura
348 1210 588 1251 exercebant.
608 1209 648 1248 id
671 1208 773 1247 enini
792 1219 871 1249 erat
892 1209 1015 1249 multo
1034 1211 1272 1260 quaestuoszus
1286 1242 1298 1258 ‚
1325 1218 1407 1249 tum
1432 1210 1519 1262 quia

239 1273 354 1312 liberi
388 1272 567 1311 homines
594 1271 642 1310 ab
676 1270 906 1321 agricultura
936 1272 1132 1322 stipendiis
1164 1272 1388 1312 militaribus
1422 1274 1519 1321 saepe

239 1334 526 1383 avocabantur,
552 1334 663 1373 servis
692 1335 732 1372 in
758 1335 899 1372 eodem
933 1343 1109 1384 tempore
1137 1333 1400 1382 manentibus,
1434 1342 1519 1374 tum

240 1396 331 1445 quia
361 1395 478 1434 etiam
503 1407 553 1434 ex
585 1402 694 1447 partu
722 1393 946 1434 ancillarum
976 1397 1087 1435 aneta
1119 1393 1287 1444 familia,
1322 1393 1372 1434 ad
1407 1394 1520 1434 heros

238 1456 390 1497 lucrum
417 1457 550 1508 ingens
574 1456 733 1496 redibat.

295 1521 341 1561 V.
372 1521 461 1560 Hoc
483 1520 601 1559 modo
629 1518 770 1566 fiebat,
788 1525 831 1556 ut
859 1516 1105 1569 possessorum
1127 1530 1186 1556 res
1211 1516 1429 1566 familiaris,
1450 1518 1522 1556 ser-

241 1596 457 1634 vorumque
481 1595 663 1621 numerus
693 1581 732 1620 in
761 1581 992 1620 immensum
1019 1589 1243 1632 augeretur:
1275 1581 1520 1631 paucioribus

241 1647 283 1687 in
301 1649 382 1687 dies
406 1647 604 1698 ingenuis,
626 1646 692 1695 qui
715 1651 850 1696 praetcr
872 1645 1042 1695 inopiam
1071 1644 1315 1683 domesticam
1332 1673 1343 1692 ,
1370 1644 1522 1682 tributis

244 1711 365 1749 etiam
390 1711 426 1749 ἃ
450 1708 659 1748 ἀεΙεὲὶὶὺιιε
685 1707 956 1746 atterebantur.
983 1707 1088 1756 Quin
1110 1708 1170 1754 Sc,
1191 1706 1341 1756 quoties
1361 1718 1382 1744 a
1410 1705 1521 1745 bellis

242 1771 393 1811 vacatio
415 1777 513 1819 erat,
540 1771 693 1820 pigrum
714 1769 798 1820 ipsis
822 1768 1176 1818 infrufftuosumque
1199 1776 1351 1818 tempus
1372 1767 1521 1816 abibat,

245 1846 338 1874 cum
360 1845 469 1884 agros
483 1832 658 1883 proprios
680 1844 759 1871 non
781 1831 988 1880 haberent,
1012 1833 1046 1871 ἃ
1060 1861 1070 1879 ,
1086 1830 1307 1869 abundante
1330 1830 1513 1869 servorun:

245 1910 435 1945 numero,
470 1895 707 1935 condudtitia
739 1895 896 1934 istorum
923 1907 1038 1945 opera
1070 1907 1185 1932 nemo
1215 1900 1396 1933 uteretur.
1435 1893 1514 1932 Noa

247 1969 331 2000 erat
355 1959 583 2006 obscurum,
611 1965 754 2008 quanto
779 1956 996 2007 reipublicae
1022 1955 1193 2007 periculo
1221 1955 1409 1993 sociorum
1430 1968 1513 2003 quc-

247 2023 344 2062 tidie
367 2023 493 2061 minor
513 2023 624 2071 copia
648 2021 779 2068 fieret3
807 2019 927 2068 servi,
954 2020 1027 2059 orti
1046 2019 1093 2057 ab
1115 2017 1306 2066 hostibus,
1324 2019 1359 2056 ὃς
1384 2016 1451 2068 ipsi
1468 2016 1515 2055 st-

248 2083 325 2122 turi
349 2083 493 2132 hostes,
514 2083 538 2121 fi
561 2080 707 2120 occafio
735 2079 912 2129 venisset,
934 2079 1188 2129 augescerent.

315 2146 379 2186 VI.
409 2145 484 2186 Sed
514 2143 691 2183 adversus
716 2143 898 2182 ditiorum
927 2142 1141 2192 potentiam
1174 2140 1242 2178 diu
1270 2138 1403 2176 frustra
1440 2136 1515 2174 suit

251 2208 406 2259 quaefita
435 2206 626 2246 remedia:
657 2218 801 2255 neque,
836 2204 927 2243 licet
959 2201 1250 2242 vehementibus
1284 2200 1515 2251 quorundam

251 2269 382 2310 studiis
401 2269 625 2315 instaretur,
646 2268 727 2306 vim
752 2266 872 2306 ullam
894 2266 997 2317 prius
1023 2265 1295 2312 obtinuerunt,
1323 2275 1437 2314 quam
1458 2259 1514 2299 fib

253 2388 276 2432 ξ
294 2387 388 2430 5111.
403 2386 550 2431 Appian.
567 2386 635 2417 civ.
646 2385 669 2417 1.
684 2395 713 2416 1.
727 2383 749 2426 ,Ε
768 2384 826 2416 IV.
841 2383 924 2418 Luc.
936 2394 966 2425 1,
978 2382 1053 2424 167.
1065 2383 1212 2427 Appiam.
1228 2382 1318 2415 Plut.
1333 2383 1368 2413 in
1384 2377 1517 2414 Gracth.

252 2443 282 2466 ς.
306 2443 360 2466 ιο.
383 2433 404 2478 §
429 2433 474 2467 V.
496 2429 666 2465 Plutarch.
688 2429 836 2474 Appian-
