1632 2641
250 135 340 196 366
408 134 494 181 JO.
531 131 1036 179 FREINSHEMII
1080 130 1432 208 SU‘PPLEM5

253 255 343 282 cum
370 241 537 291 utrisque
560 239 728 279 volentia
748 238 1018 290 respondisset,
1036 238 1089 277 ita
1111 238 1272 288 dimisit,
1294 249 1336 280 ut
1356 240 1532 290 cupidio-

249 318 307 344 res
337 303 596 343 contentionis
612 303 783 351 abirent,
809 315 922 352 quam
948 309 1138 341 venerant.
1168 303 1395 342 Saturninus
1413 334 1424 352 ‚
1452 316 1529 352 quo

252 368 436 407 destinata
472 366 696 416 perficeret,
729 365 882 404 tertium
916 365 1151 404 tribunatum
1187 364 1310 415 plebis
1345 365 1531 416 petebat,

252 429 443 480 producto
471 428 585 466 etiam
602 456 613 473 7
640 434 681 464 ut
705 427 826 475 magis
851 425 1047 478 popularis·
1066 428 1284 475 videretur,
1310 427 1350 465 in
1373 426 1531 466 comitia

252 490 422 540 quodam
448 487 632 537 Quinctio
654 486 820 525 libertini
851 487 1020 536 ordinis,
1041 487 1126 536 vel⁷
1149 495 1192 526 ut
1211 487 1275 526 alii
1302 489 1533 538 credebant,

251 552 438 603 fugitiVO,
466 550 531 589 sed
565 549 652 600 qui,
680 557 724 587 ut
745 547 1012 598 praediximus,
1042 547 1103 589 Ti.
1131 547 1348 587 Gracchum
1382 557 1530 599 patrem

251 612 520 653 mentiebatur.
1371 650 1378 655 ,

321 674 473 715 XXIII.
506 674 595 722 Ejus
621 673 789 712 nominis
819 671 949 711 favore
978 684 1093 722 quam
1124 683 1232 711 carus
1261 671 1409 723 populo
1450 673 1533 711 fue·

252 736 323 781 rit,
354 745 434 771 tum
482 728 673 781 praecipue
707 733 971 780 patefactum,
1005 745 1094 771 cum
1127 745 1147 771 a
1181 734 1366 783 petitione
1397 733 1534 772 nolens

255 792 450 839 desistere,
476 790 576 840 juss'u
606 792 648 830 C.
675 791 788 830 Marii
824 791 990 830 consulis
1021 795 1060 830 in
1095 793 1290 841 publicam
1323 794 1533 832 custodiam

253 856 392 895 ductus
407 853 469 893 est.
492 851 601 892 Plebs
623 852 723 891 enim
738 882 748 899 ,
767 852 932 891 claustris
948 851 1106 891 carceris
1125 852 1310 891 convulfis
1324 883 1337 899 ,
1358 861 1532 904 raptum,

253 914 500 964 humerisque
533 912 606 952 suis
639 924 897 964 reportatum,
922 926 1000 952 una
1029 925 1117 951 cum
1149 913 1189 953 L.
1218 913 1379 963 Apulejo
1412 915 1533 954 tribu-

251 991 349 1018 num
374 977 476 1016 fecit.
503 976 604 1016 Tum
629 988 739 1024 vero,
760 975 875 1014 semel
894 975 1015 1025 ruptis
1039 975 1219 1014 omnibus
1242 976 1388 1015 timoris
1413 979 1448 1016 ἅ
1469 991 1534 1017 ve-

251 1039 445 1078 recundiae
469 1037 631 1077 vinculis
647 1069 660 1084 ‚
675 1037 857 1088 Apulejus
872 1067 883 1084 ‚
906 1036 1027 1086 nihil,
1048 1038 1151 1087 quod
1175 1038 1303 1076 animo
1327 1037 1393 1077 suo
1418 1038 1534 1077 colli-

253 1101 379 1141 bitum
404 1099 517 1147 esset,
538 1107 603 1138 aut
626 1107 736 1150 turpe
763 1099 959 1149 cogitatu,
979 1107 1044 1138 aut
1065 1099 1228 1138 arduum
1250 1100 1353 1139 factu
1381 1108 1533 1151 putans,

255 1164 362 1204 aliud
387 1163 538 1203 facinus
561 1175 640 1202 non
656 1163 776 1202 modo
792 1162 948 1201 summae
972 1161 1167 1209 audaciae,
1190 1161 1255 1201 sed
1274 1162 1389 1201 etiam
1411 1175 1534 1202 exem·

254 1228 311 1280 pli
338 1227 454 1274 novi,
483 1226 713 1277 aggreditur.

310 1289 460 1331 XXIV.
492 1288 672 1329 Comitiis
692 1286 977 1336 consularibus,
1003 1299 1093 1326 cum
1119 1287 1222 1325 haud
1245 1286 1372 1326 dubiis
1397 1286 1536 1327 suffra-

252 1352 326 1402 giis
351 1351 589 1390 renuntiatus
618 1350 674 1391 M.
705 1349 893 1390 Antonius
921 1349 1036 1397 esset3
1062 1349 1102 1387 in
1137 1348 1298 1387 alterum
1325 1348 1457 1388 locum
1490 1350 1535 1390 C.

252 1414 479 1461 Memmius,
495 1413 535 1453 C.
553 1412 729 1454 Servilius
748 1411 903 1452 Glaucia
920 1410 1190 1461 competitores
1209 1409 1325 1450 erant.
1344 1412 1433 1450 Non
1446 1420 1534 1462 pot·

253 1485 335 1516 erat
361 1475 530 1526 ambigi,
557 1483 640 1514 uter
667 1474 795 1525 potius
818 1480 1032 1520 crearetur,
1059 1472 1082 1511 fi
1110 1471 1183 1511 suae
1210 1472 1403 1523 potestatis
1427 1485 1535 1512 men-

253 1540 378 1590 tisque
404 1538 571 1590 populus
601 1537 721 1577 esset:
761 1539 839 1586 jam
869 1537 949 1576 viro
979 1534 1101 1574 nobili
1135 1534 1356 1583 sordidum,
1385 1534 1461 1573 acri
1498 1538 1536 1575 δε

256 1603 404 1653 integro
428 1601 675 1649 seditiosum,
703 1599 1003 1650 comparabant3
1028 1600 1063 1638 ἅ
1088 1597 1298 1637 secundum
1324 1596 1448 1647 legem
1470 1610 1539 1647 pe-

252 1666 350 1703 tenti
384 1677 499 1711 eum,
527 1665 636 1712 cujus
669 1669 752 1701 tum
791 1662 958 1701 maxime
984 1668 1185 1709 praeturam
1213 1660 1374 1709 gerentis
1404 1658 1537 1698 haberi

254 1726 407 1778 legibus
425 1727 526 1765 ratio
545 1739 624 1764 non
649 1733 812 1775 poterat.
856 1723 1053 1762 biennium
1080 1722 1182 1760 enim
1218 1723 1314 1761 duos
1340 1722 1439 1760 inter
1464 1734 1538 1760 cu-

256 1790 356 1830 rules
385 1791 619 1841 magistratus
636 1788 831 1835 interesse,
848 1800 972 1838 neque
993 1787 1207 1826 continuari
1234 1785 1398 1825 honores
1424 1800 1536 1836 opor-

255 1853 372 1893 tebat.
398 1852 555 1893 Glaucia
580 1855 615 1892 Sc
632 1851 836 1903 Apulejus,
859 1862 947 1889 cum
972 1848 1099 1888 obeffe
1123 1847 1286 1887 confiliis
1312 1847 1384 1886 suis
1409 1847 1535 1898 legem

252 1915 454 1963 viderent,
503 1914 700 1954 consulem
748 1923 876 1952 autem
922 1912 1059 1961 cajum
1098 1911 1230 1961 utique
1276 1909 1534 1958 Memmium,

255 1981 366 2030 cujus
405 1980 506 2028 vim,
542 1977 741 2028 moresque
776 1975 989 2024 timebant,
1026 1974 1107 2013 fieri
1144 1972 1316 2020 nollent,
1347 1970 1535 2015 seditione

256 2035 388 2089 mota,
412 2041 471 2079 cui
505 2041 558 2079 rei
592 2039 685 2079 olim
714 2039 973 2085 assueverant,
1007 2035 1220 2086 fugientem
1255 2031 1505 2087 adversarium
1524 2062 1537 2082 ,

255 2104 538 2156 percuss‘oribus
567 2104 606 2142 in
638 2103 844 2152 conspectu
879 2100 1052 2139 omnium
1093 2095 1289 2142 immistis,
1318 2107 1384 2144 per
1412 2106 1537 2145 quen-

257 2167 346 2206 dam
383 2165 419 2206 P.
440 2164 632 2204 Mettium
658 2164 818 2203 fustibus
847 2161 1131 2201 comminutum
1161 2157 1399 2208 sustulerunt.

302 2300 325 2340 ἕξ
360 2299 485 2332 XXIII.
515 2297 640 2332 Auctor
667 2298 705 2331 de
727 2296 802 2330 Vir.
825 2297 875 2330 ill.
898 2309 925 2329 c.
949 2295 1003 2329 62.
1030 2292 1175 2339 Appiam.
1213 2293 1286 2326 Cic.
1314 2303 1375 2336 pro
1400 2291 1481 2325 Rab.
1506 2303 1536 2326 c.

256 2356 288 2385 Τ.
312 2345 344 2377 &
377 2357 437 2388 pro
465 2345 556 2377 Sext.
594 2355 622 2375 e.
653 2343 704 2385 38.
735 2341 822 2374 fior.
849 2352 890 2383 3,
928 2341 978 2373 16.
1014 2342 1091 2372 Val.
1115 2340 1206 2371 Max.
1233 2349 1252 2380 9
1270 2365 1278 2379 ,
1297 2348 1327 2375 7.
1362 2337 1383 2380 §
1412 2337 1539 2370 XXIV.

259 2389 360 2478 ξέςζ.
378 2401 453 2466 fio}
476 2399 527 2429 ιγ.
562 2388 633 2420 Cic.
666 2388 699 2419 'm
727 2387 819 2419 Erat.
845 2399 872 2420 c.
897 2388 950 2419 ὁ).
985 2381 1109 2426 Vellei.
1136 2396 1154 2416 2
1171 2411 1179 2424 ,
1208 2394 1259 2416 12.
1293 2383 1438 2426 Appian.
1461 2382 1537 2416 Liv.
