1632 2641
183 158 272 201 174
337 140 434 188 JO.
473 135 1396 183 FREINSHEMIISUPPLEM.

181 248 315 288 rientis
340 244 565 296 imprecatio
594 244 681 282 fuit.
717 245 824 294 Quin
851 244 886 283 δε
913 241 1077 293 publicae
1106 254 1199 280 mox
1236 242 1473 282 calamitates

182 311 232 351 ab
260 310 335 349 hoc
366 308 475 347 initio
505 307 745 357 prodierunt.
785 307 927 346 civium
955 318 999 344 ac
1025 304 1191 344 militum
1217 305 1474 356 infrequentia

180 381 277 413 orta.
321 370 494 410 zei-arium
522 369 657 419 populi
684 369 846 409 Romani
880 369 1166 407 defraudatum.
1199 366 1331 418 legum
1358 369 1475 408 etiam

184 433 496 478 Gracchanarum
527 433 634 473 velut
661 432 804 472 oblivio
832 436 867 472 ὃς
891 432 1064 471 interitus
1088 430 1265 480 secutus,
1293 444 1384 470 cum
1407 443 1475 481 per

183 511 304 538 annos
326 497 447 536 ferme
473 495 698 546 quindecim
725 507 769 534 ex
793 495 836 533 iis
865 494 1010 543 Judicia
1033 491 1158 541 nulla,
1187 500 1255 533 aut
1278 506 1360 532 rara
1383 506 1476 544 age-

182 570 325 599 rentur.

240 627 443 680 XXXIX„
480 628 571 667 Non
602 625 820 665 omittenda
857 625 952 664 mihi
980 626 1130 665 videtur
1155 625 1232 666 hoc
1260 625 1349 666 loco
1384 626 1478 666 Cor-

182 689 296 730 neliae
329 690 563 738 constantia,
597 701 680 738 quae
710 688 829 728 vitam
858 687 958 726 ultra
978 687 1060 727 haec
1089 700 1263 739 tempora
1291 677 1478 740 produxit

184 757 225 794 in
252 753 430 798 Miseno,
457 766 533 803 quo
560 752 643 803 post
664 751 810 791 Tiberii
836 765 996 800 necem,
1024 751 1160 792 urbem
1179 751 1333 803 perosa,
1362 750 1478 791 seces-

181 817 292 856 serat.
333 816 543 866 Magnifica
574 813 712 852 mulier
735 817 770 854 δε
802 814 977 863 erudita,
1004 815 1209 854 doctorum
1243 813 1478 862 hominum,

185 880 307 917 etiam
340 891 361 916 e
394 878 564 925 Graecia,
604 875 893 915 conversatione
928 875 1102 915 dolorem
1133 875 1251 915 animi
1283 874 1477 914 leniebat:

184 941 382 980 sociorum
416 952 552 990 regum
590 939 765 978 omnium
803 939 988 978 amicitias
1015 939 1210 987 retinens,
1243 936 1482 977 muneribus-

186 1014 261 1051 que
287 1000 415 1040 colere
439 1012 482 1039 ac
508 999 583 1038 coli
605 999 727 1039 solita.
755 1000 987 1050 Frequentes
1010 1000 1125 1049 igitur
1146 993 1253 1034 domi
1283 991 1386 1031 illius
1410 993 1482 1032 ho·
1502 1000 1511 1004 ’

179 1062 325 1107 spitum
351 1059 540 1097 adventus
557 1070 683 1123 «ει-ΞΜ,
698 1061 847 1106 quoties
869 1062 953 1100 acta
969 1057 1174 1105 dietaque,
1199 1055 1235 1094 &c
1256 1052 1480 1092 interiorem

182 1118 304 1155 vitam
331 1115 451 1166 patris
483 1115 652 1154 Africani
691 1117 873 1166 referret,
903 1131 994 1158 cum
1027 1117 1229 1167 voluptate
1263 1113 1482 1154 auscultan-

175 1180 314 1219 tium:
356 1177 477 1216 iidem
518 1174 755 1226 stupebant,
782 1187 872 1214 cum
906 1180 1082 1219 audirent
1118 1178 1196 1218 fata
1229 1176 1399 1216 filiorum
1430 1188 1479 1215 eo

183 1241 296 1282 vultu
325 1252 369 1280 ac
399 1252 496 1280 voce
522 1246 765 1288 narrantem,
792 1247 978 1289 tanquam
1004 1239 1128 1280 aliena
1154 1253 1200 1281 ac
1226 1248 1354 1281 vetera
1380 1238 1483 1279 mala

187 1310 410 1356 exponeret.

242 1375 328 1415 XL.
364 1374 467 1415 Nam
499 1375 535 1413 δε
563 1372 613 1413 ad
641 1379 769 1411 cetera
796 1372 928 1411 omnia
954 1370 1106 1410 nullum
1128 1366 1305 1410 moeroris
1332 1369 1482 1420 {ignum

188 1439 355 1487 edebat,
397 1440 433 1478 δέ
467 1449 557 1477 cum
583 1439 621 1475 in
645 1437 733 1476 locis
749 1436 866 1490 fhcris
897 1436 1027 1488 occisos
1058 1437 1209 1482 diceret,
1236 1434 1388 1474 amabat
1412 1434 1483 1472 ad·

190 1500 282 1539 dere
297 1530 308 1548 ‚
336 1500 464 1552 dignos
489 1498 550 1551 ff
574 1497 659 1536 illos
679 1497 850 1551 ejufinodi
879 1494 1049 1548 defitnft'is
1068 1495 1232 1536 tumulos.
1262 1496 1377 1536 Unde
1400 1495 1485 1546 qui-

190 1563 283 1602 dam
306 1562 411 1601 senio
443 1563 479 1601 Sc
503 1560 724 1600 calamitate
748 1567 921 1599 emotam
942 1559 1010 1609 ipsi
1041 1568 1211 1598 mentem
1234 1559 1481 1608 judicarunt:

193 1634 367 1666 amentes
392 1624 483 1676 ipsi,
520 1637 614 1674 quos
643 1622 818 1671 falleret,
851 1632 1037 1672 quantum
1067 1622 1184 1661 etiam
1216 1622 1256 1660 in
1289 1620 1487 1660 muliebri-

191 1687 265 1727 bus
291 1686 456 1734 animis,
498 1685 547 1724 ad
579 1684 749 1722 humana
781 1684 880 1722 bene
906 1683 1064 1723 ferenda
1093 1682 1218 1722 valeat
1243 1684 1345 1721 reeta
1373 1681 1485 1720 indo-

190 1748 269 1797 les,
292 1762 381 1787 cum
403 1748 505 1786 bona
531 1746 781 1792 educatione,
815 1747 850 1785 ἃ
875 1745 919 1783 iis
940 1745 1095 1795 studiis,
1125 1758 1208 1796 quae
1231 1744 1362 1784 omnia
1384 1757 1484 1783 mor·

193 1809 333 1849 talium
364 1808 510 1849 caduca
537 1809 572 1847 ἃ
595 1808 702 1846 fluxa
725 1806 798 1846 effe
825 1808 989 1855 docent,
1014 1820 1140 1858 neque
1166 1807 1343 1846 secundis
1370 1805 1483 1845 rebus

192 1871 301 1911 abuti
328 1870 378 1910 ad
402 1869 643 1921 superbiam,
674 1883 799 1921 neque
826 1871 875 1910 ad
903 1869 1090 1910 vilitatem
1115 1870 1277 1910 adverfis
1302 1866 1485 1919 compelli

191 1940 406 1984 patiuntur.

268 2004 374 2045 XLI.
414 2003 492 2044 Sub
526 2004 630 2043 idem
659 2011 838 2054 ternpus,
873 2003 978 2053 quod
1006 2001 1215 2041 interfectis
1238 2000 1403 2039 inimicis
1428 2011 1487 2043 res

194 2075 342 2108 matura
376 2066 602 2115 videbatur,
627 2068 667 2105 de
695 2067 741 2105 P.
765 2066 918 2120 Popillii
944 2067 1080 2112 reditu,
1117 2077 1232 2115 quem
1265 2063 1390 2114 priore
1420 2063 1486 2101 tri-

195 2132 344 2172 bunatu
362 2130 428 2170 suo
454 2129 708 2170 C.'Gracchus
734 2128 956 2179 expulerat,
981 2128 1022 2168 L.
1042 2125 1270 2176 Calpurnius
1285 2124 1403 2164 Bestia
1423 2123 1486 2162 tri.-⁷

197 2196 322 2235 hunus
349 2194 473 2246 plebis
503 2194 551 2233 ad
578 2192 770 2243 populum
795 2191 893 2230 tulit.
921 2189 1148 2239 multisque,
1176 2197 1218 2227 ut
1238 2201 1306 2239 pro
1332 2183 1486 2240 nobilis-

196 2258 290 2297 fimo
311 2257 473 2296 homine
488 2287 499 2303 ,
525 2255 697 2305 cognatis
719 2253 988 2302 affinibusque,
1006 2252 1068 2291 sed
1094 2253 1263 2291 maxime
1288 2250 1375 2289 filiis
1393 2250 1487 2288 ado-

201 2319 430 2361 lescentibus
456 2316 776 2369 deprecantibus,
812 2314 980 2365 populus
1008 2313 1175 2353 reditum
1206 2311 1320 2362 juffit.
1371 2311 1485 2350 Idem

258 2447 282 2491 5
315 2445 474 2481 XXXIX,
511 2443 641 2485 Sallust.
666 2443 824 2489 Jugurth‚
847 2454 875 2475 c.
901 2453 954 2488 ζμ.
976 2442 1099 2489 X'ellej,
1126 2440 1228 2475 Oros.
1262 2451 1297 2482 5,
1325 2450 1377 2472 12,
1398 2437 1489 2471 plut,
