1632 2641
200 137 288 183 282
367 137 459 182 ΞΟ.
508 133 1027 181 FREINSHEMII
1063 135 1425 186 SUPPLEM.

194 243 384 293 ‚Iugurtha
402 273 413 291 ‚
441 243 506 293 qui
528 248 593 280 aut
618 241 753 281 urbem
778 240 815 281 se
840 248 1106 292 recepturum,
1123 249 1212 292 aut,
1229 244 1255 283 si
1279 258 1301 284 a
1323 244 1486 285 Metello

194 305 489 352 defenderetur,
514 303 694 356 proelium
715 304 796 343 fore
820 304 1019 354 sperabat,
1036 304 1141 344 unde
1164 304 1389 355 Bocchum,
1413 306 1488 346 Ro-

194 380 312 406 mano
343 367 445 407 bello
471 367 621 417 prorsus
650 366 868 417 illigatum,
900 366 1131 406 stabiliorem
1156 368 1206 407 ad
1235 377 1362 407 cetera
1389 380 1488 406 con-

191 430 492 480 stantiorenique
529 430 675 469 socium
708 429 881 468 haberet.
921 441 1155 480 quamquam
1185 428 1301 480 paulo
1332 428 1415 479 post
1440 441 1487 468 ex

192 491 392 532 voluntate
420 492 623 543 ,jugurthae
659 492 819 531 consilio
855 500 1034 541 mutato,
1064 506 1172 544 reges
1205 492 1357 532 diversis
1382 492 1491 532 itine-

191 554 296 594 ribus
318 557 359 594 in
391 555 610 596 difficiliora
640 553 727 593 loca
764 552 1022 595 discefferunt.
1053 554 1159 605 Ipnter
1185 553 1257 594 hos
1284 563 1489 606 apparatus

191 617 242 654 ad
274 615 480 656 Metellum
508 616 678 655 defertur
697 646 708 664 ‚
744 615 915 654 Marium
940 615 1140 655 consulem
1172 616 1346 664 factum,
1375 618 1489 666 eique

191 677 434 726 provinciam
449 676 678 717 Numidiam
696 675 839 714 datam.
865 689 939 719 oua
962 689 1002 715 re
1020 676 1132 727 supra
1149 678 1312 717 modum
1336 679 1488 725 anxius,

189 751 316 789 neque
338 738 534 786 lacrimis,
554 750 679 787 neque
706 736 862 776 vocibus
887 738 1155 790 temperabat,
1185 739 1242 779 vir
1258 769 1272 788 ,
1298 747 1341 778 ut
1361 748 1489 778 cetera

189 801 364 852 egregius
380 830 391 848 ,
422 801 475 839 ita
501 799 652 849 injuriae
679 798 899 849 impatiens.

244 870 328 910 VII.
360 871 462 921 Ergo
495 882 624 909 rerum
659 869 911 919 gerendarum
929 899 940 918 ‚
969 883 1063 919 quas
1094 870 1229 911 alienae
1257 870 1386 922 gloriae
1410 870 1487 910 ces-

190 932 293 972 suras
319 931 601 981 arbitrabatur,
630 931 784 980 abJeclo
810 931 1028 982 prOpOsltO,
1049 931 1196 984 legatos
1221 935 1271 973 ad
1287 932 1490 974 Bocchum

192 996 339 1044 mittit,
368 997 404 1035 ἃ
429 1007 451 1034 a
478 993 582 1034 bello
611 994 795 1034 Maurum
821 993 1061 1035 dehortatur.
1095 995 1164 1036 llle
1180 996 1365 1043 vicissim,
1392 997 1490 1049 cupi-

189 1060 272 1098 dum
287 1060 328 1112 se}
340 1059 462 1113 pacis,
476 1056 706 1107 respondet:
735 1058 834 1094 modo
855 1058 1037 1109 Jugurclzae
1060 1060 1227 1098 rationem
1240 1059 1398 1110 aliquam
1417 1060 1490 1096 Ro-

189 1121 288 1159 mani
316 1121 482 1159 habeant.
521 1119 577 1158 Ita
610 1117 836 1157 miffitandis
864 1117 966 1157 ultro
991 1120 1169 1169 citroque
1196 1118 1456 1170 legationibus
1473 1148 1488 1164 ,

188 1182 297 1222 sicuti
323 1181 509 1222 Metellus
532 1180 735 1226 voluerat,
767 1188 922 1231 ‘tempus
950 1181 991 1218 in
1016 1181 1097 1220 otio
1123 1181 1354 1221 trahebatur.
1382 1181 1488 1220 Dum

188 1243 228 1284 in
251 1257 299 1283 eo
318 1243 416 1283 statu
436 1256 494 1282 res
522 1241 722 1283 Numidiae
747 1241 834 1281 sunt
849 1272 860 1290 ‚
885 1242 927 1281 C.
950 1241 1080 1282 Mario
1103 1242 1414 1293 supplementum
1433 1242 1487 1281 se-

187 1315 300 1346 natus
325 1305 465 1345 lubens
497 1305 742 1351 decreverat2
776 1316 858 1342 non
893 1311 936 1342 ut
964 1312 1118 1354 gratum
1146 1304 1293 1344 consuli
1317 1305 1490 1352 faceret,

186 1381 304 1419 quem
332 1367 438 1407 haud
470 1367 717 1407 mediocriter
755 1366 914 1414 oderat,
949 1365 1016 1405 sed
1049 1367 1183 1406 astutia
1215 1367 1407 1417 quadam,
1442 1373 1488 1404 ut

188 1431 338 1470 irritum
368 1432 452 1479 ejus
474 1431 679 1479 inceptum
696 1460 709 1474 ,
737 1436 803 1468 aut
829 1428 908 1479 ipse
933 1429 1082 1480 populo
1107 1429 1248 1469 invisus
1271 1430 1398 1479 fieret,
1419 1429 1486 1479 qui

187 1502 341 1546 gravate
364 1506 514 1532 novum
541 1491 737 1531 delectum
758 1491 930 1542 passurus
958 1492 1173 1533 videbatur.
1206 1493 1281 1533 Sed
1309 1492 1393 1532 haec
1420 1504 1487 1531 ex-

184 1555 371 1609 spectatio
395 1556 526 1595 frustra
541 1555 628 1595 fuit.
653 1555 756 1595 Nam
778 1555 949 1603 Marius,
972 1557 1161 1595 concione
1185 1557 1393 1603 advocata,
1409 1554 1486 1594 suis

186 1620 300 1659 rebus
324 1618 554 1658 extollendis
582 1617 636 1657 ita
670 1616 848 1656 accendit
877 1615 1083 1656 hominum
1117 1617 1263 1666 studia,
1297 1625 1341 1656 ut
1367 1616 1482 1668 supra

187 1686 388 1724 decretum
420 1695 626 1722 numerum
659 1680 778 1720 etiam
810 1678 1018 1720 voluntarii
1054 1678 1168 1719 multi
1196 1679 1366 1730 auspicia
1397 1682 1483 1730 ejus

191 1734 449 1796 sequerentur*

240 1816 345 1856 VIII.
367 1815 437 1855 Illa
460 1803 638 1865 inprimis
671 1814 846 1853 oratione
867 1824 1102 1863 magnopere
1126 1810 1369 1851 nobilitatem
1391 1824 1484 1852 exa-

186 1878 318 1926 gitasti:
344 1879 485 1918 dicitur
501 1907 512 1924 .,
545 1875 676 1914 solitus
710 1877 746 1915 Sc
771 1883 882 1914 antea
905 1887 973 1924 per
999 1873 1212 1924 quamlibet
1242 1873 1484 1912 occasionem

183 1941 357 1992 superbis
384 1941 420 1979 ἃ
450 1938 738 1979 contumeliosis
766 1938 877 1977 distis
903 1936 1095 1976 inceffere.
1120 1938 1222 1976 Nam
1238 1938 1292 1984 Sc,
1313 1937 1483 1987 confida-

183 2017 253 2043 tum
278 2019 322 2042 ex
342 2003 445 2041 viseris
469 2002 546 2040 illis
567 2001 690 2054 spolia
712 1999 831 2052 cepff
846 2030 859 2046 ‚
880 1999 1105 2045 dictitabat,
1127 2011 1197 2035 non
1221 1997 1340 2035 aliena
1352 1995 1479 2048 sabla,

183 2070 220 2107 ὁ·
247 2079 457 2106 mortuorum
485 2064 636 2113 titulos,
661 2065 730 2117 fi'd
746 2064 836 2116 suos
872 2062 1029 2108 labores,
1059 2062 1148 2113 ficas
1180 2059 1358 2097 cicatrices
1383 2072 1482 2110 prce-

176 2130 349 2183 fimi-do,-
386 2127 656 2178 quaerebatque
686 2139 733 2166 ex
763 2121 1125 2169 circumstantibus,
1144 2124 1183 2173 fi
1204 2121 1353 2174 majores
1374 2123 1485 2160 Albi-

182 2195 218 2231 πὶ
251 2204 315 2232 ant
342 2191 466 2244 Bestia:
497 2190 694 2242 respondere
725 2189 883 2242 postem,
922 2199 1079 2227 utrumne
1104 2185 1266 2232 illorum,
1293 2199 1340 2223 an
1361 2186 1483 2223 Marii

172 2256 307 2309 fimiles
330 2255 482 2307 posteros
506 2252 663 2305 optaturi
686 2252 888 2289 viderentur
899 2252 921 2288 ,Ρ
947 2249 1066 2300 Quod
1093 2260 1171 2287 non
1196 2247 1316 2297 magis
1343 2254 1479 2286 contu-

183 2318 310 2357 macia
342 2315 486 2367 ingenii
525 2313 748 2362 factitabat,
782 2325 898 2363 quam
926 2320 969 2351 ut
1010 2311 1116 2362 plebi
1151 2310 1191 2350 se
1227 2311 1360 2358 daret,
1392 2322 1478 2359 quae

184 2380 258 2419 hac
292 2379 446 2419 licentia
476 2377 691 2417 nobilitatis
723 2377 979 2428 arrogantiam
1004 2376 1088 2416 laeta
1114 2373 1326 2424 lubensque
1350 2372 1483 2411 vindi-

183 2442 311 2484 cabat.
356 2443 494 2493 Neque
518 2453 565 2482 eo
591 2439 741 2492 segnius
768 2452 900 2492 parare
929 2446 1197 2485 commeatuS,
1231 2447 1387 2476 onerare
1411 2446 1475 2473 na-
