1632 2641
903 40 921 50 x

202 138 297 202 348
363 139 455 186 JO.
489 137 990 187 FRE1NsHEMrr
1026 132 1390 193 SUPPLEM.·

202 244 357 283 suorum
389 246 651 295 paucitatem:
682 252 851 286 ceterum
881 247 1047 296 milites,
1076 260 1165 288 cum
1190 257 1336 289 temere
1361 264 1381 290 a
1408 260 1489 289 [ηε.-

203 307 369 357 nipulari
406 309 574 359 quodam
608 309 864 349 exclamatum
894 310 1007 359 esset,
1036 313 1160 365 ficgere
1193 315 1366 361 Cimbros,
1397 323 1490 353 tan-

202 380 319 417 quam
347 370 396 409 ad
421 370 706 421 persequendos
734 371 928 410 concitato
956 373 1074 422 gradu
1103 374 1393 415 contenderunt.
1430 375 1485 414 Ea

200 443 258 469 res
285 433 414 471 omnia
439 433 511 472 alia
536 433 656 482 fecit,
687 446 801 484 quam
825 433 970 472 Marius
993 435 1120 474 animo
1153 444 1396 487 praeceperat.
1430 437 1505 477 Si-·

200 495 359 544 quidem
388 497 578 548 impetum
608 497 761 537 suorum
794 497 897 547 sequi
931 502 1110 548 coaetus,
1145 499 1237 538 dum
1264 500 1360 538 inter
1385 499 1484 538 den-

198 555 327 596 srffimi
358 557 524 608 pulveris
547 572 567 598 a
592 566 648 598 tot
673 559 842 598 millibus
871 560 1076 599 excitatam
1103 561 1304 612 caliginem
1333 561 1484 600 incerto

197 617 333 657 itinere
356 619 496 668 fertur,
524 621 572 659 ab
598 619 768 663 hostibus
794 621 1008 663 aberravit:
1031 623 1189 664 eosdem
1216 624 1370 664 hostes
1360 637 1399 662 1n
1427 616 1484 674 Q.

199 680 381 720 Catulum
414 682 643 733 improvisus
681 683 815 722 itidem
841 684 1020 724 occursus
1048 685 1217 737 impegit.
1257 687 1361 738 quod
1393 686 1482 737 ipsis

195 742 349 793 timori,
365 746 461 784 utin
487 759 525 785 re
546 745 696 794 subita,
720 747 895 787 Romano
918 748 958 786 in
980 747 1127 787 bonum
1152 747 1280 795 cessit,
1302 747 1366 797 qui
1384 745 1483 785 mul.

197 805 362 846 titudine
395 805 563 847 hostium'
589 816 668 847 non
696 808 985 856 animadversa,
1020 808 1186 859 integros
1214 809 1385 856 animos,
1416 820 1484 846 ne-

197 879 271 916 que
293 867 368 907 ulla
382 868 542 908 terribili
565 868 692 919 specie
715 869 1070 919 praeoccuparos‚in
1089 868 1266 918 proelium
1285 868 1482 908 afferebat.
1536 878 1539 881 ·

250 929 386 970 LXIV.
411 930 468 970 Ita
490 931 660 981 factum,
678 941 721 971 ut
744 930 963 970 incredibili
986 931 1130 981 strage,
1149 932 1390 981 minimoque
1405 931 1482 970 Ro-

195 991 299 1030 mani
326 992 518 1032 exercitus
549 993 716 1042 damno,
739 993 796 1033 vis
827 992 892 1032 illa
921 991 1191 1040 Cimbrorum,
1223 999 1282 1031 tot
1314 1005 1382 1042 per
1407 1005 1482 1031 an-
1508 1047 1511 1049 Β

194 1067 264 1093 nos
285 1054 466 1094 omnibus
488 1055 566 1094 late
584 1055 758 1126 imperiis
780 1054 1034 1105 gentibusque
1049 1054 1298 1094 formidolosa
1321 1054 1482 1105 proster-

192 1124 357 1157 nerQetur
384 1116 560 1167 Equites,
582 1118 621 1156 in
641 1130 737 1168 quos
762 1118 907 1168 primus
931 1131 1067 1168 purrnae
1082 1126 1248 1168 1mpetus
1265 1119 1482 1166 inciderat,

192 1176 324 1218 multis
341 1179 507 1230 acceptis
523 1179 766 1227 vulneribus,
784 1180 826 1219 in
846 1180 1000 1219 suorum
1025 1180 1200 1230 peditum
1222 1193 1360 1231 agmen
1375 1192 1480 1220 aver-

192 1240 242 1289 fi,
271 1250 421 1280 tantum
454 1241 770 1281 consternationis
798 1241 1034 1289 intulerunt,
1069 1251 1114 1280 ut
1137 1255 1181 1281 ea
1203 1255 1278 1281 una
1309 1255 1366 1281 res
1391 1242 1480 1280 uni-

191 1300 335 1340 versam
360 1296 484 1341 aciei?
509 1301 764 1341 conturbaret.
794 1302 870 1343 Ubi
896 1315 984 1341 vero
1015 1301 1123 1341 fimul
1145 1302 1256 1342 hostis
1273 1303 1477 1353 adfuit,&

188 1364 294 1404 velut
310 1378 358 1404 ex
373 1365 587 1416 composito
617 1364 776 1405 discussa
791 1396 801 1413 ‚
818 1378 899 1416 quae
926 1366 999 1405 diu‘
1017 1373 1214 1415 tenuerat,
1230 1365 1394 1414 nebula,
1419 1365 1475 1406 sol

190 1438 280 1464 cum
301 1426 520 1466 vehementi
541 1435 657 1466 vento
681 1434 806 1474 ortus,
832 1426 987 1477 pulvere
1013 1440 1059 1466 ac
1086 1426 1291 1477 splendore
1321 1427 1476 1467 abstulit

188 1487 463 1538 conspectum,
496 1490 532 1528 ἃ
565 1487 738 1527 emollita
769 1488 931 1528 insolitis
965 1488 1114 1529 deliciis
1139 1501 1300 1540 corpora
1333 1488 1474 1528 sudore

188 1550 379 1591 diss'olvit:
406 1565 485 1590 non
512 1551 647 1600 majori
670 1551 802 1591 labore
832 1552 1018 1592 trucidata
1044 1552 1130 1592 sunt
1153 1552 1328 1604 agmina,
1355 1548 1490 1606 quant

186 1611 380 1651 necessum
400 1612 475 1652 fuit
501 1613 542 1651 in
569 1611 816 1661 hominibus,
840 1627 935 1664 quos
955 1614 1039 1665 post
1060 1613 1175 1664 longa
1204 1617 1240 1654 ὁὶ
1259 1615 1399 1653 atrocia
1420 1614 1473 1654 ln-

184 1673 370 1720 trocinia,
395 1681 577 1724 tanquam
603 1674 781 1714 manibus
803 1675 965 1722 vinctis,
983 1675 1032 1714 ad
1055 1674 1284 1726 supplicium
1296 1675 1398 1735 *ultio
1415 1676 1474 1716 di·

185 1736 275 1776 vina
308 1736 527 1784 tradiderat.

238 1797 356 1838 LXV.
392 1799 493 1838 Nam
519 1798 661 1846 etiam,
695 1811 772 1849 quo
813 1800 943 1838 minus
973 1797 1211 1851 effugerent,
1240 1800 1472 1851 antesignani

183 1858 311 1910 longis
350 1862 493 1900 catenis
522 1873 589 1911 per
615 1860 791 1900 baltheos
817 1861 1037 1902 transmiffis
1064 1863 1215 1903 ordines
1249 1865 1469 1914 junxerant.

181 1921 257 1961 Sed
282 1921 410 1969 aestum
439 1922 604 1962 Cimbris
628 1921 910 1963 intolerabilem
932 1924 1130 1964 Romanus
1149 1926 1247 1964 adeo
1275 1925 1387 1965 facile
1412 1926 1468 1965 fe-

183 1983 319 2032 rebat,
336 1992 380 2022 ut
401 1985 568 2023 neminem
592 1999 636 2022 ex
661 1996 710 2022 tot
732 1985 889 2023 millibus
903 1987 1089 2039 fitdantem
1109 1986 1472 2042 anhelaeztztemvefirifi

174 2048 216 2099 fi
239 2048 469 2099 conffieaum,
500 2046 580 2097 ipse
605 2047 653 2097 Q.
670 2047 826 2110 Catulus
851 2048 1074 2099 prodiderit.
1100 2049 1143 2089 In
1168 2048 1271 2087 hunc
1295 2052 1467 2090 maxime

182 2108 344 2147 modum
377 2108 460 2147 fusa
488 2102 744 2147 Cimbrorum
765 2109 872 2155 acie,
901 2108 1069 2159 reliquiae
1092 2109 1140 2148 ad
1168 2109 1282 2149 castra
1309 2111 1467 2162 refuge-

180 2177 294 2219 runt,
318 2169 480 2220 vestigiis
511 2169 702 2209 inlistente
733 2169 920 2211 Romano.
959 2172 1062 2211 Turn
1096 2184 1195 2211 nova
1222 2186 1358 2224 pugnae
1384 2173 1466 2224 spe.

182 2232 260 2270 cies
291 2238 386 2270 orta.
419 2230 597 2270 mulieres
623 2231 795 2281 plaustris
828 2222 1013 2281 carrisque
1045 2231 1148 2280 suis,
1184 2234 1464 2285 irrumpentem

181 2293 344 2332 militem
363 2293 505 2333 lanceis
530 2294 732 2342 arcebant,
764 2306 812 2333 ne
839 2293 910 2332 suis
942 2295 1099 2345 quidem
1124 2306 1342 2347 parcentes,
1368 2312 1465 2349 quo-

180 2368 265 2394 rum
291 2354 435 2394 multos
468 2355 604 2394 acerbe
632 2355 859 2406 exprobrata
891 2357 982 2409 fuga
1012 2358 1292 2402 confoderunt:
1316 2361 1461 2414 donec,

222 2440 247 2485 §
274 2439 396 2476 LXIII.
419 2441 509 2475 flor.
536 2440 636 2477 Oros.
661 2452 698 2485 5,
728 2441 781 2476 16.
807 2442 828 2488 §
854 2442 978 2479 LXIV.
1006 2443 1179 2480 Plutarch.
