1632 2641
189 156 279 203 266
354 159 448 205 JO.
491 159 985 207 FREINSHEMII
1028 163 1380 213 SUPPLEM.

187 273 289 302 rator
317 264 456 312 jubet,
482 265 534 303 uti
560 278 667 305 cetera
699 269 912 306 mandentur.
951 268 1014 307 illc
1042 269 1274 311 conscientia
1307 274 1341 311 ἃ
1371 280 1477 312 metu

187 324 348 372 anxius,
372 338 486 374 quem
511 327 626 364 ctiam
647 339 692 365 ex
714 327 899 367 Romanis
917 329 1067 368 Metelli
1091 331 1220 379 gloriae
1244 332 1376 373 inf'enli
1398 335 1481 383 qui-

186 387 278 426 dam
309 388 530 437 acuebant,
576 390 769 439 praecipua
812 391 855 430 C.
886 391 1001 430 Marii
1038 393 1308 445 malignitate,
1343 409 1480 446 quam-

189 464 304 501 quam
333 451 514 491 omnibus
540 452 662 491 ferme
687 453 944 493 instrumentis
973 454 1063 494 belli
1087 456 1273 506 spoliatus
1289 488 1299 506 ,
1328 458 1481 497 obfides

187 522 367 562 praeterea
389 522 579 553 trecentos
597 514 777 562 dederat,
793 528 896 553 arma
909 545 919 564 ,
936 529 1050 565 quam
1077 516 1195 556 ullam
1219 518 1332 558 aliam
1348 518 1453 569 spem
1467 549 1480 567 ,

188 582 339 612 tentare
367 574 512 632 insiluit.
555 576 654 615 Cum
682 574 739 613 his
770 576 881 615 rebus
909 578 1090 626 gerundis
1123 580 1377 621 circumadus
1408 594 1483 620 an-

185 648 258 673 nus
283 636 401 681 estet,
426 636 558 676 Romae
581 638 660 676 Ser,
693 636 886 687 Sulpicius
913 638 1058 686 Galba,
1090 640 1145 680 M.
1166 641 1337 680 Aurelius
1366 643 1482 681 Scau-

187 708 249 733 rus
284 696 534 735 consulatum>
568 697 820 746 auspicantur.
864 699 1025 738 Scaurus
1055 701 1096 739 in
1125 702 1315 742 Hortensii
1346 703 1479 743 locum

186 760 310 798 fricius
335 768 440 809 erat,
474 761 537 811 qui
560 760 797 811 designatus,
820 772 968 813 morte,
993 777 1041 804 an
1065 763 1140 804 alio
1169 779 1244 816 quo
1272 766 1361 805 casu
1385 779 1482 817 prae-

185 823 364 872 peditus⁷
395 823 653 873 magistratum
681 838 758 863 non
786 825 885 865 iniit.

241 893 380 935 XXX.
405 894 532 934 Multa
559 895 699 934 deinde
728 897 904 936 nuntiata
929 897 1113 947 prodigia.
1144 897 1222 936 avis
1243 897 1479 936 incendiaria

185 954 263 993 visa
290 957 330 993 in
366 955 483 1004 urbe,
524 955 708 1006 buboque
733 957 958 1008 conspefftus
988 958 1131 998 fuerat:
1170 960 1205 997 ὃς
1236 958 1277 996 in
1312 957 1481 997 latomiis

186 1017 306 1057 homo
335 1017 382 1057 ab
412 1018 572 1058 homine
595 1019 740 1059 adesus.
785 1019 847 1059 Ob
876 1019 953 1059 hoc
981 1021 1200 1072 prodigium
1230 1034 1298 1071 per
1324 1023 1480 1072 triginta

185 1081 374 1130 ingenuos
410 1082 597 1131 patrimus
627 1083 662 1120 ἃ
691 1081 886 1120 matrimos
904 1113 915 1130 ‚
952 1083 1194 1133 totidemque
1220 1085 1409 1134 virgines,
1437 1086 1479 1123 in

184 1143 306 1182 infula
337 1143 501 1183 Cimolia
528 1144 789 1184 sacrificatum.
827 1145 970 1185 Nursiae
1001 1146 1175 1196 geminos
1207 1147 1345 1186 mulier
1373 1147 1479 1197 inge-

185 1218 261 1243 nua
292 1218 515 1255 pepererat,
548 1206 716 1256 puellam
748 1207 928 1246 membris
953 1208 1135 1246 omnibus
1160 1210 1343 1259 integris,
1382 1222 1476 1259 pue-

189 1282 275 1306 rum
294 1268 379 1307 alvo
408 1278 585 1318 patente,
611 1279 654 1308 ut
680 1271 899 1309 intestinum
931 1271 1242 1321 conspiceretur,
1264 1273 1480 1322 ‘posteriore'

186 1337 295 1379 parte
315 1327 461 1368 solida:
488 1330 550 1380 qui
577 1343 672 1368 voce
690 1330 793 1368 milla
811 1331 1024 1380 exspiravit.
1054 1331 1152 1370 laeffe
1170 1345 1324 1382 quoque
1352 1332 1408 1371 bis
1430 1346 1477 1371 eo

185 1406 288 1431 anno
320 1392 447 1442 pluit3
481 1394 516 1431 ὁὶ
546 1391 820 1431 inundationes
848 1405 996 1443 magnae
1028 1394 1212 1434 fuerunt:
1248 1396 1283 1433 ἃ
1306 1394 1479 1433 intume-

182 1455 311 1495 scente
328 1457 430 1495 Pado
443 1487 455 1505 ,
471 1458 507 1496 δε
520 1458 678 1497 Aretino
691 1457 822 1508 stagno
834 1489 846 1505 ‚
868 1458 991 1498 multa
1008 1457 1211 1497 hominum
1228 1458 1352 1498 millia
1370 1459 1478 1510 aquis

188 1518 276 1558 sunt
303 1518 452 1559 obruta.
596 1517 598 1521 ’

241 1580 398 1620 XXXI.
423 1580 524 1618 Cum
545 1580 688 1618 deinde
711 1578 886 1618 consules
905 1580 952 1618 de
966 1580 1174 1630 provinciis
1191 1580 1363 1620 senatum
1385 1595 1480 1621 con-

186 1640 408 1687 suluillent,
438 1653 520 1689 quat
544 1641 706 1680 decrctae
732 1641 818 1691 iplis
841 1642 1012 1689 fuerint,
1039 1642 1078 1679 in
1106 1641 1288 1691 obscum,
1318 1645 1369 1693 Q.
1397 1643 1479 1682 Me-

186 1703 279 1742 tello
306 1703 512 1753 imperium
548 1704 586 1740 in
610 1704 795 1743 Numidia
831 1711 1079 1754 prorogatum
1109 1703 1203 1752 effe,
1233 1712 1380 1743 certum
1412 1705 1478 1745 est.

188 1766 291 1815 Quia
320 1773 450 1803 tamen
480 1765 680 1807 interfecto
707 1766 747 1804 in
776 1766 960 1817 Hispania
991 1766 1113 1805 Pisoni
1146 1766 1354 1806 succeffiss'e
1384 1768 1480 1807 Gal-

188 1828 277 1867 bain
306 1827 417 1878 lego,
449 1828 646 1868 consulem
675 1829 860 1878 Galbam,
887 1829 937 1868 ob
964 1830 1145 1879 gravioris
1171 1831 1269 1869 forte
1298 1830 1389 1870 belli
1409 1831 1480 1869 mi-

184 1902 252 1928 nas
273 1897 448 1937 exortaS,
475 1903 521 1927 eo
548 1890 702 1940 millum
724 1889 883 1929 inclinat
904 1892 1054 1930 animus
1086 1901 1129 1930 ut
1160 1893 1326 1931 credam.
1351 1905 1478 1942 neque

187 1950 282 1988 levis
312 1951 366 1988 est
393 1949 554 2000 suspicio
583 1965 632 1991 ex
659 1935 770 1990 relius
801 1952 930 2002 postea
962 1952 1127 2002 secutis,
1154 1954 1298 1993 Scauro
1331 1953 1480 1994 consuli

186 2014 430 2063 provinciam
469 2012 632 2052 Galliam
668 2014 840 2054 evenisse.
879 2015 1051 2054 Lustrum
1080 2015 1235 2054 tertium
1263 2018 1298 2054 ὃς
1323 2007 1479 2066 sexage-

185 2076 323 2115 simum
353 2075 414 2114 his
449 2076 669 2116 consulibus
699 2078 900 2117 conditum
935 2079 1032 2125 esse,
1066 2078 1283 2128 Capitolina
1312 2092 1477 2118 marmo-

183 2149 225 2174 ra
255 2136 540 2177 demonstrant:
577 2138 777 2177 censorum
806 2139 964 2178 nomina
997 2140 1243 2189 ignorantur,
1279 2139 1343 2177 nifi
1370 2139 1477 2189 quod

187 2198 237 2247 Q.
273 2196 436 2236 Fabium
463 2197 782 2249 Allobrogicum,
808 2201 850 2240 C.
870 2201 1061 2241 Licinium
1087 2201 1223 2240 Getam
1252 2200 1361 2239 fuiffe
1383 2213 1477 2240 con-

184 2257 410 2298 sentaneum
431 2259 495 2298 est.
527 2260 663 2299 Getam
687 2262 790 2299 enim
813 2262 897 2312 post
920 2263 1133 2301 censoriam
1158 2271 1290 2301 notam
1316 2263 1365 2300 ad
1388 2275 1476 2301 ceu,-

182 2317 309 2358 suram
342 2319 553 2370 pervenisse
583 2319 694 2371 supra
721 2321 883 2362 relatum
909 2323 990 2364 est:
1028 2327 1063 2365 δε
1091 2323 1235 2364 Fornix
1260 2319 1476 2375 Fabianus,

231 2451 254 2494 §
280 2449 389 2484 XXX.
417 2452 566 2497 Appian.
594 2452 695 2498 Hlsp·
