1632 2641
191 182 283 231 262
351 181 452 229 JO.
486 180 1000 227 FREINSHEMII
1033 179 1382 230 SUPPLEM.

190 292 285 329 tium
309 289 594 335 resonantibus,
619 288 728 327 simul
754 287 980 338 conspectus
995 287 1118 338 pulvis
1140 294 1321 328 terrorem
1346 287 1492 340 magni·

189 353 433 393 adventantis
459 351 647 391 exercitus
667 351 846 399 inferret,
870 352 993 391 hostes
1015 352 1055 391 in
1085 353 1217 403 fugam
1242 351 1446 402 compulit.

244 415 359 456 XIX.
385 416 461 456 Sed
488 423 618 454 tamen
651 414 767 466 paulo
795 415 905 465 post,
931 414 1037 454 nulla
1058 416 1095 454 vi
1124 415 1352 463 hominum,
1379 424 1481 454 cete-

189 490 277 516 xum
306 472 442 517 natura
464 477 554 517 coeli
573 480 607 517 ὃς
624 475 823 525 locorum,
846 478 1051 517 mediocris
1067 487 1225 529 accepta
1250 477 1380 528 clades
1404 478 1481 527 est,

193 541 288 578 dum
303 541 492 587 ‚vicioriae
518 540 687 579 fruetum
710 539 858 578 avidius
883 538 1137 589 prosequente
1160 539 1412 590 proconsule,
1434 553 1482 578 ne

193 603 357 643 hiberna
375 605 533 654 quidem
561 604 812 655 expeditione
841 602 1062 642 abstinetur.
1096 605 1196 643 Nam
1225 605 1308 654 post
1330 603 1484 654 prospe-

194 679 278 705 ram
297 667 588 706 dimicationem
602 667 734 705 omnia
747 695 758 712 ,
773 678 857 715 quae
878 664 918 703 in
934 664 1109 705 citeriore
1122 666 1242 706 Hebri
1263 668 1343 717 ripa
1364 674 1486 714 erant,

198 725 457 779 depopulatus
474 760 485 778 ‚
511 728 635 778 ipsum
661 740 816 778 quoque
841 728 986 766 flumen
1004 729 1081 777 jam
1104 728 1190 777 gelu
1214 730 1458 769 constriCtum
1474 759 1485 775 ‚

195 791 352 830 transire
380 804 470 830 cum
495 791 664 830 exercitu
698 790 808 829 ausus
847 790 911 829 est.
945 790 1027 839 ibi,
1052 789 1173 841 glacie
1206 800 1344 842 rupta,
1381 791 1488 831 haud

197 855 483 894 contemnenda
511 868 645 894 manus
676 854 842 893 militurn
868 854 1025 893 interiit.
1056 855 1199 895 Eodem
1226 870 1327 895 anno
1353 865 1489 894 contra

197 919 398 961 Lusitanos
425 933 447 959 a
473 919 632 960 Servilio
661 919 841 968 Caepione
867 918 1045 968 prospere
1076 919 1329 967 dimicatum3
1356 920 1422 959 sed
1450 920 1490 958 in

197 981 385 1030 Hispania
405 981 580 1021 citeriore
606 981 646 1021 L.
672 979 901 1030 Calpurnius
932 980 1014 1021 Piso
1039 981 1263 1021 interfectus
1291 983 1354 1021 est.

271 1044 368 1084 XX.
413 1044 503 1092 Ejus
539 1043 680 1084 Pisonis
715 1042 871 1082 laudata
903 1042 1140 1082 continentia
1176 1043 1252 1091 est,
1287 1051 1367 1082 tam
1400 1043 1493 1082 reli-

201 1107 308 1158 giose
335 1107 528 1156 diligentis
544 1137 554 1155 ‚
579 1115 647 1155 ut,
677 1107 821 1147 annulo
848 1108 945 1146 inter
973 1107 1229 1146 exercendum
1255 1108 1375 1147 fraffto
1391 1140 1403 1156 ‚
1429 1121 1494 1146 ar-

201 1169 296 1208 tifici
334 1169 465 1209 sellam
494 1169 684 1209 Cordubae
712 1170 753 1208 in
791 1169 877 1208 foro
911 1170 1038 1219 poni,
1072 1182 1242 1219 auroque
1275 1169 1401 1220 palam
1427 1183 1494 1220 ap-

202 1233 324 1284 penso
340 1264 351 1281 ,
377 1233 624 1284 praesentibus
647 1231 828 1271 omnibus
852 1230 1038 1270 annulum
1057 1231 1312 1281 fierijufferit.
1340 1232 1495 1272 Scilicet:

203 1308 295 1335 cum
321 1297 362 1337 L.
389 1295 530 1335 Pisonis
557 1294 656 1333 filius
681 1293 798 1341 esset,
825 1295 891 1344 qui
925 1294 1071 1344 primus
1091 1293 1220 1345 legem
1242 1295 1290 1332 de
1317 1304 1496 1343 repetun-

206 1361 269 1400 dis
292 1359 402 1408 tulit,
427 1373 506 1399 non
531 1359 651 1397 modo
677 1359 824 1396 crimen
849 1371 868 1397 a
891 1357 991 1405 sese,
1015 1370 1147 1396 verum
1174 1358 1291 1411 etiam
1315 1357 1499 1409 suspicio-

203 1439 299 1466 nem
339 1437 495 1464 omnem
535 1421 684 1462 amoliri
719 1422 860 1460 debere
894 1421 1149 1460 existimabat.
1194 1421 1291 1460 Cum
1318 1422 1371 1460 ita
1402 1421 1497 1460 soris

205 1489 414 1538 temperati
442 1486 615 1525 laetorum
634 1483 870 1532 tristiumque
895 1490 1055 1521 eventus
1082 1482 1225 1530 essent,
1244 1490 1288 1521 ut
1306 1481 1413 1532 plura
1439 1491 1498 1522 ta-

209 1565 301 1590 men
324 1549 504 1601 prospera
532 1549 800 1586 nuntiarentur
824 1545 939 1599 (nam
970 1547 1005 1584 ὁὶ
1037 1545 1075 1583 in
1109 1544 1289 1584 ulteriore
1315 1546 1500 1596 Hispania

207 1615 408 1656 Lusitanos
430 1611 609 1653 Servilius
642 1610 773 1659 Caepio
802 1609 975 1661 vicerat)
1014 1609 1149 1648 Romae
1188 1608 1354 1647 censoris
1383 1617 1501 1658 atque

209 1678 461 1717 tribunorum
486 1675 610 1725 plebis
635 1672 948 1712 contentionibus
971 1672 1141 1722 inquieta
1161 1685 1246 1722 pars
1271 1675 1361 1711 anni
1383 1673 1470 1712 suit.

265 1738 382 1779 XXI.
416 1738 474 1778 M.
496 1736 670 1777 AEmilius
702 1737 894 1780 Scaurus,
922 1747 1013 1772 cum
1041 1742 1215 1772 mortuus
1243 1734 1281 1771 in
1312 1734 1504 1785 magistra-

212 1808 256 1842 tu
287 1800 435 1851 collega
465 1800 521 1839 M.
551 1799 679 1864 Liyius
707 1797 849 1838 Drusus
882 1797 1089 1837 abdicandi
1132 1798 1391 1836 necestitatem
1429 1799 1503 1836 im„

213 1871 403 1917 poneret,
436 1869 569 1900 contra
597 1874 723 1900 mores
752 1860 1011 1910 magistratum
1041 1860 1240 1900 retinebat.
1268 1860 1334 1899 sed
1361 1860 1409 1899 ad
1436 1873 1503 1899 ex-

213 1936 385 1967 tremum
414 1925 578 1963 tribunis
606 1936 799 1963 carcerem
832 1923 1098 1963 minitantibus
1125 1924 1241 1964 cellit.
1277 1924 1428 1964 AEmilia
1451 1932 1507 1962 ta-

215 2002 307 2028 men
331 1988 393 2027 via
418 1987 583 2026 censura:
605 1989 689 2036 ejus
716 1993 1014 2024 monumentum
1037 1987 1114 2032 est,
1149 1989 1186 2026 Sc
1202 1999 1299 2037 pons
1322 1986 1509 2026 Mulvius.

214 2052 378 2093 Pontem
410 2050 603 2090 Mulvium
622 2080 634 2098 ,
663 2049 767 2095 quod
795 2049 987 2098 antiquior
1012 2050 1094 2097 ejus
1123 2049 1313 2087 memoria
1351 2049 1425 2095 est,
1452 2062 1508 2087 re-

216 2114 366 2152 fecium
389 2124 411 2150 a
438 2112 580 2151 Scauro
597 2142 608 2158 ‚
634 2124 748 2161 quam
770 2110 913 2149 fanum
929 2140 940 2157 ‚
966 2111 1089 2149 verius
1115 2118 1283 2160 apparet.
1318 2109 1416 2148 viam
1434 2110 1510 2160 pri-

219 2188 308 2214 mus
334 2174 481 2214 stravit:
521 2187 684 2223 eamque
712 2186 780 2225 per
804 2172 902 2212 Pisas
927 2175 962 2212 Sc
982 2172 1156 2220 Lunam,
1182 2175 1217 2211 S:
1242 2172 1420 2213 Sabbatia
1446 2186 1509 2212 va-

225 2238 275 2276 da
296 2237 534 2279 Derthonam
563 2237 756 2287 perduxit.
785 2238 903 2281 nam}
929 2249 1011 2285 quae
1033 2235 1231 2275 flaminiae
1254 2235 1512 2274 committitur

223 2300 382 2343 JEmilia
402 2301 487 2350 via‚'
513 2313 599 2341 eam
625 2300 683 2340 M.
699 2299 868 2351 Lepidus
894 2296 1027 2338 consul
1043 2311 1065 2337 a
1083 2298 1274 2338 Placentia
1296 2297 1513 2337 Ariminum

271 2425 296 2465 §
318 2425 448 2459 XVIII.
471 2425 547 2458 Liv.
574 2425 665 2468 Epir.
690 2425 834 2469 Eutrop.
863 2424 980 2457 Front.
1005 2402 1170 2462 Stratsz,
1187 2436 1218 2461 4.
1257 2423 1277 2455 S
1300 2423 1391 2454 XIX.
1420 2423 1513 2455 Flor-

224 2480 243 2512 3
262 2482 319 2508 ‚4.
348 2472 367 2511 ς
397 2470 473 2503 ΧΧ.
505 2471 576 2502 Cic.
611 2471 647 2506 in
675 2470 774 2506 Verr.
797 2481 840 2513 4,
868 2480 923 2512 25.
954 2469 1104 2515 Appian.
1134 2469 1232 2513 Hisp.
1256 2467 1398 2515 Eutrop.
1421 2466 1514 2503 Plut-

220 2515 339 2559 quaest.
366 2515 464 2551 Rom.
488 2527 518 2551 c.
546 2525 601 2558 50.
