1632 2641
328 155 408 200 IN
457 151 632 199 LOC.
674 151 807 195 LIB.
865 150 966 195 LIX
1018 148 1156 194 LIV.
1321 159 1407 192 101

130 273 257 310 varet3
289 273 390 313 atque
420 261 457 298 in
491 258 565 312 ejus
582 258 660 311 jam
696 255 756 307 ff
778 258 945 309 potestne
969 255 1141 303 dixisset,
1174 266 1212 292 ut
1237 255 1297 292 vel
1316 253 1413 292 dedi-
1458 264 1464 268 ·

132 326 225 364 tione
264 323 429 375 acciperet
456 320 624 373 populum
661 318 914 356 Numantinum
933 347 943 365 ,
978 318 1036 355 vel
1064 317 1254 369 pugnando
1280 316 1414 352 videret

132 385 326 422 morientem
349 398 359 421 .·
386 381 483 420 nihil
514 394 533 419 a
557 379 737 430 Scipione
760 377 982 427 responsum
1008 377 1083 426 est,
1108 376 1172 415 nisi
1198 377 1309 414 urbem
1329 389 1414 428 gen.

133 458 260 498 temque
289 459 363 483 cum
385 444 492 482 armis
517 444 595 480 dedi
621 452 781 493 oportere.

200 506 247 547 II.
284 507 372 555 Quo
401 505 505 544 enim
532 504 572 542 in
604 503 699 541 statu
728 515 784 540 res
804 501 1129 541 Numantinorum
1160 499 1299 549 essent,
1335 513 1418 539 non

133 568 278 607 ratione
307 575 456 604 tantum
485 567 520 604 ἂι
547 565 766 612 conjectura
783 592 793 608 ,
821 561 884 601 sed
912 563 1028 600 etiam
1058 561 1208 599 indiciis
1232 563 1416 611 captivo-

133 642 217 667 rum
247 635 488 677 cognoverat.
530 627 618 666 Hoc
652 625 717 663 ubi
752 624 969 664 Numantiae
1001 623 1201 670 auditum,
1238 622 1416 663 homines

132 691 211 739 jam
235 698 321 727 ante
345 701 419 738 prae
443 686 706 738 magnitudine
729 685 993 724 calamitatum
1015 683 1094 722 Diis
1118 682 1415 733 hominibusque

134 751 264 789 infenfi
283 782 294 798 ,
321 759 403 788 tun:
429 763 519 787 vero
545 750 592 788 ad
624 749 799 788 ultimam
827 747 1102 797 desperationis
1135 745 1279 784 rabiem
1302 746 1415 794 versi,

135 824 225 850 cum
253 825 331 850 non
358 810 524 860 amplius
558 809 888 856 incolumitatem,
920 807 984 846 sed
1010 821 1056 846 ex
1088 807 1255 846 vindicta
1285 808 1417 846 mortis

134 874 312 913 solatium
339 882 570 924 qutererent,
605 873 752 923 legatos
780 884 847 922 per
873 871 990 918 iram,
1035 872 1069 909 δε
1104 872 1192 920 quia
1231 870 1328 909 forte
1368 870 1418 908 de

135 937 201 976 sua
224 936 346 976 salute
372 936 550 986 privatim
580 939 710 986 pactos
741 934 972 980 credebant,
1000 933 1258 973 interficiunt:
1294 945 1420 982 erum-

134 998 250 1048 pendi
277 997 498 1045 eonsilium,
531 996 623 1035 licet
656 995 859 1046 aliquoties
884 993 1091 1032 infeliciter
1121 995 1292 1044 experti,
1320 991 1419 1030 resu-

136 1070 271 1109 munt,
304 1061 328 1099 1'1
358 1058 454 1098 nihil
486 1059 618 1106 aliud,
653 1059 899 1099 maturiorem
933 1056 1022 1094 vitae
1051 1057 1225 1104 exitum,
1260 1055 1421 1094 unicum

137 1123 324 1162 malorum
352 1122 467 1160 finem
495 1121 692 1171 reperturi.

202 1184 269 1223 111.
298 1184 386 1223 Erat
404 1182 532 1221 adhuc
558 1181 799 1232 aliquantum
827 1179 871 1217 in
890 1179 984 1217 urbe
1010 1178 1144 1217 factitii
1174 1176 1273 1216 vini:
1297 1177 1420 1215 celiam

136 1249 261 1287 vocari
289 1247 466 1287 diximus.
493 1259 538 1284 eo
560 1245 706 1293 diviso,
731 1257 819 1283 cum
851 1241 1009 1292 paulum
1038 1239 1274 1279 renovaffent
1295 1239 1392 1277 vires
1408 1269 1423 1286 ,

138 1310 286 1350 duabus
315 1311 431 1360 portis
453 1316 671 1359 erumpunt.
700 1306 949 1347 Concurritur
980 1305 1106 1343 subito
1133 1303 1178 1342 ab
1203 1302 1306 1341 omni
1334 1314 1422 1352 par-

138 1381 201 1420 te,
227 1371 554 1421 quemadmodum
578 1372 786 1419 imperator
811 1368 876 1406 diu
904 1375 990 1405 ante
1014 1366 1255 1416 providerat,
1286 1365 1319 1403 8:
1340 1364 1421 1401 vim

138 1434 188 1472 ad
215 1447 331 1484 opera
358 1433 585 1471 facientibus
611 1433 757 1471 strenue
792 1429 979 1468 resistitur.
1014 1428 1089 1468 Sed
1114 1427 1168 1465 illi
1193 1439 1283 1465 cum
1305 1427 1423 1465 auda..

139 1496 282 1535 ciffime
311 1495 601 1547 proeliarentur,
638 1505 770 1545 utpote
808 1494 871 1542 qui
903 1505 981 1530 non
1021 1492 1199 1530 timerent
1229 1497 1392 1527 mortem
1414 1517 1426 1535 ,

139 1557 204 1597 sed
232 1566 464 1607 quaererent3
501 1555 697 1595 difficilem
738 1555 938 1599 Romamn,
971 1552 1065 1590 licet
1100 1552 1212 1590 rebus
1240 1549 1424 1588 omnibus

140 1627 245 1657 tanto
280 1618 484 1668 superiori,
507 1618 705 1655 victoriam
734 1614 953 1653 effecerunt.
996 1612 1171 1652 Tandem
1195 1612 1233 1648 in
1259 1611 1424 1656 urbem,

140 1680 292 1719 servatis
319 1678 541 1725 ordinibus,
568 1690 638 1716 nec
671 1677 903 1727 fugientium
936 1675 974 1712 in
1015 1673 1180 1724 speciem
1198 1704 1209 1721 ,
1233 1674 1423 1712 redeunt:

142 1741 351 1780 fortissimis
382 1740 536 1779 suorum
559 1749 672 1790 atque
697 1739 871 1790 plurimis
898 1737 1128 1776 defideratis.
1155 1749 1316 1785 quorum
1342 1747 1425 1772 cor—

142 1817 258 1854 pora,
276 1815 365 1841 cum
390 1803 438 1841 ad
467 1802 698 1852 sepultura-m
727 1801 973 1847 offerrentur,
993 1801 1168 1849 accipere
1196 1797 1425 1837 noluerunt:

144 1864 248 1903 nulla
281 1867 358 1913 jam
392 1877 480 1903 cura
511 1858 575 1903 aut
615 1863 802 1914 religione
842 1861 1106 1907 tumulorum,
1145 1872 1240 1909 quos
1268 1857 1426 1908 &ipsos

144 1927 259 1977 paulo
294 1927 375 1977 post
408 1926 616 1965 cernebant
648 1928 687 1964 in
715 1925 870 1965 arbitrio
905 1924 1070 1962 hostium
1104 1922 1195 1960 fore2
1231 1932 1354 1969 neque
1385 1919 1426 1956 in

145 1987 237 2027 urbe
263 1988 434 2027 defuncti
460 1988 717 2026 humabantur
740 1986 882 2036 vulgo,
910 1984 972 2023 sed
997 1982 1205 2022 consumtis
1232 1982 1431 2027 omnibus,

147 2050 281 2100 quibus
307 2049 356 2090 ali
394 2049 561 2088 humana
588 2062 746 2100 corpora
779 2047 925 2093 solent,
953 2055 993 2084 ut.
1021 2059 1098 2084 non
1134 2057 1318 2095 pomum,
1347 2055 1427 2080 non

145 2123 284 2162 pecus,
312 2125 388 2150 non
420 2111 573 2150 herbam
602 2112 719 2151 ullam
753 2112 915 2161 reperire
950 2109 1060 2157 effet,
1089 2119 1219 2147 carnes
1247 2107 1426 2144 humanae

149 2175 367 2213 minutatim
393 2175 550 2214 concisae
571 2175 610 2212 in
638 2174 767 2213 cibum
796 2174 1052 2213 vertebantur.
1079 2172 1183 2210 unde
1213 2177 1315 2207 tanta
1345 2166 1428 2207 vul-

151 2244 258 2274 tuum
289 2246 515 2285 morumque
552 2236 677 2274 feritas
707 2235 835 2283 facta,
863 2244 905 2273 ut
938 2246 1015 2273 non
1040 2232 1157 2270 modo
1185 2229 1337 2279 aspectu
1367 2228 1429 2266 di-

148 2303 214 2345 ro,
230 2297 378 2346 situque
403 2309 619 2347 corporum,
637 2295 809 2348 squalore
836 2297 974 2347 &pilis
998 2294 1257 2340 horrentium,
1282 2290 1430 2330 belluas

152 2417 228 2494 Ηὲΐ
247 2415 384 2494 Ibrlgisv.
409 2417 498 2460 Epiz.
521 2416 622 2450 Oros.
649 2426 687 2457 ς,
709 2427 741 2456 7,
765 2415 854 2448 Flor.
872 2387 893 2445 ⁷2
909 2440 918 2456 ,
946 2413 999 2446 18.
1034 2411 1180 2455 Appiam.
1203 2408 1298 2453 Hisp.
1337 2408 1359 2451 §
1386 2407 1434 2442 Π,
