1632 2641
329 120 954 167 1NLOC.L1}3.L1X
1004 120 1148 165 LIV.
1320 130 1404 178 105

129 233 282 282 lamque
307 228 398 277 filii,
423 228 485 267 cui
510 230 543 267 ἃ
567 227 632 276 ipfi
658 240 803 265 nomen
827 225 973 266 Attalus
992 227 1079 265 fuit.
1114 224 1193 265 Sub
1214 224 1290 263 hoc
1319 226 1415 274 quo'-

128 306 201 343 que
226 306 304 331 non
338 290 602 329 conservatum
645 289 764 326 niodo
796 288 944 337 egregie
977 301 1135 337 regnum
1166 287 1242 335 est,
1280 299 1414 325 verum
1455 326 1457 328 ,

127 356 242 394 etiam
265 353 404 403 opibus
427 354 461 391 Sc
486 350 606 401 gloria
635 353 766 388 crevit.
793 349 867 389 Sed
896 350 1024 398 junior
1048 349 1214 397 Attalus,
1239 349 1303 397 qui
1329 346 1412 397 post

128 429 247 456 annos
273 414 405 464 viginti
433 413 577 463 regiam
602 411 827 461 potestatem
846 409 973 448 adhuc
1000 423 1113 460 penes
1136 418 1311 460 patruum
1336 408 1410 447 effe

131 478 311 525 dolebat,
342 477 389 515 ad
427 478 485 524 jus
519 474 630 513 suum
671 473 808 513 scelere
834 473 1017 524 patefecit
1050 473 1223 520 aditum,
1262 483 1411 510 veneno

129 540 256 579 senem
273 538 498 578 interemisse
524 538 702 576 creditus.
732 537 865 586 Neque
895 535 1024 584 justior
1049 536 1087 573 in
1115 535 1413 574 administrando

131 615 246 652 regno
270 602 367 649 fuit,
392 612 506 650 quam
529 600 566 637 in
592 599 798 651 quaerendo
825 598 962 636 fuerat.

184 662 292 702 XIII.
332 663 444 702 Unde
469 661 574 699 ficuti
601 662 790 709 majorum
813 659 968 701 suorum
999 671 1125 697 mores
1150 659 1312 696 minime
1329 659 1415 697 imi-

129 724 302 772 tabatur,
321 725 370 762 ita
398 735 522 773 neque
547 721 769 761 felicitatem
794 721 949 759 illorum
965 751 976 768 ‚
1002 732 1127 769 neque
1155 728 1305 757 aetatem
1329 732 1418 757 con-

130 787 234 837 sequi
270 787 405 837 potuit.
441 787 539 825 Nam
567 784 639 822 illis
671 785 812 823 eximia
849 777 1092 829 humanitas,
1130 782 1246 820 mirus
1285 781 1419 831 populi

132 861 262 893 amor,
290 849 403 886 etiam
436 847 537 896 apud
566 855 739 884 externos
770 856 863 894 pace
903 843 1082 892 belloque
1110 843 1320 892 plurimum
1347 856 1418 880 au-

135 909 348 963 ctoritatis,
381 918 562 959 praeterea
595 907 819 945 diuturnum
847 905 1033 955 regnandi
1071 914 1222 954 tempus
1251 905 1419 954 contige-

130 982 199 1011 rat.
237 973 350 1012 Hunc
376 971 590 1011 saevientem
622 971 660 1008 in
693 970 862 1015 amicos⁷
893 980 1057 1017 quorum
1084 966 1196 1004 etiam
1231 967 1419 1014 conjuges

136 1039 170 1074 ὅ(
199 1047 316 1084 genus
343 1043 468 1073 totum
502 1032 647 1071 solebat
679 1030 838 1077 tollere,
880 1043 960 1067 non
988 1028 1139 1067 suorum
1179 1028 1323 1073 modo,
1357 1026 1419 1065 sed

132 1098 247 1136 etiam
262 1097 504 1141 vicinorum,
524 1095 657 1145 ingens
679 1093 811 1131 odium
838 1093 1004 1141 excepit.
1043 1091 1161 1139 Cujus
1189 1089 1321 1128 dolore
1340 1101 1418 1127 ma-

133 1161 188 1210 gis
215 1162 330 1200 etiam
362 1159 566 1205 efferatus,
605 1156 794 1207 postremo
828 1156 868 1193 in
899 1168 982 1193 eam
1020 1154 1292 1204 intemperiem
1325 1152 1419 1191 inci-

137 1223 216 1270 dit,
246 1233 286 1261 ut
309 1224 376 1261 vix
406 1234 565 1270 compos
591 1220 730 1258 mentis
760 1218 978 1257 haberetur.

189 1285 293 1324 XIV.
331 1285 401 1324 Hic
425 1285 564 1334 igitur,
593 1282 674 1333 post
701 1283 877 1331 quintum
903 1281 1008 1330 regni
1036 1292 1203 1325 annum,
1223 1279 1314 1317 dum
1340 1291 1422 1315 ma-

137 1346 202 1384 tris
229 1346 445 1396 sepulcrum
483 1339 631 1384 suarum
676 1356 859 1382 manuum
901 1341 1079 1391 operibus
1112 1346 1245 1386 ornat,
1287 1339 1422 1377 morbo

140 1421 187 1446 cx
220 1408 368 1447 fervore
396 1408 481 1448 solis
516 1408 711 1446 contracto
730 1436 740 1450 ,
775 1405 977 1455 septimum
1005 1405 1101 1441 intra
1127 1402 1228 1441 diem
1255 1401 1426 1446 obierat,

140 1468 364 1508 testamento
397 1470 554 1507 condito
572 1498 582 1515 .,
606 1480 681 1516 quo
711 1465 897 1516 populum
925 1465 1141 1504 Romanum
1172 1461 1352 1500 heredem
1373 1460 1426 1497 fa-

141 1529 276 1568 ciebat.
335 1530 378 1569 Id
409 1529 456 1569 ab
490 1530 659 1569 Eudemo
690 1528 923 1579 Pergameno
953 1539 1043 1564 cum
1076 1524 1264 1575 perlatum
1294 1523 1332 1560 in
1367 1535 1425 1559 ui·-

141 1588 229 1628 bem
259 1590 372 1639 esset,
411 1591 503 1628 adiri
536 1590 753 1628 hereditatem
787 1602 936 1641 oportere
962 1588 1112 1629 sotiatus
1141 1576 1311 1624 censuit:
1342 1582 1427 1622 mis-

141 1651 242 1701 sique
281 1652 383 1692 haud
425 1655 675 1701 cunctanter,
718 1653 784 1702 qui
820 1652 955 1702 populi
989 1652 1146 1690 nomine
1183 1649 1424 1700 polliderent.

146 1714 308 1761 Omnis,
337 1724 379 1753 ut
408 1717 572 1765 opinor,
607 1714 754 1765 publici
788 1715 902 1753 status
936 1715 1097 1753 mutatio
1125 1712 1285 1764 periculi
1314 1711 1427 1761 plena

142 1775 217 1814 est:
255 1778 289 1815 ἃ
318 1776 384 1815 ubi
417 1790 472 1815 res
503 1777 551 1815 ad
590 1786 769 1815 externos
802 1776 1045 1823 deferuntur,
1082 1775 1214 1825 magis.
1261 1785 1425 1823 quorum

144 1837 233 1875 odio
274 1847 340 1875 aut
369 1846 579 1876 comtemtu
614 1837 856 1888 popularium
891 1838 1037 1876 animos
1075 1837 1180 1875 haud
1223 1834 1425 1874 difficulter

143 1900 330 1950 implent,
359 1903 576 1951 quicunque
608 1899 819 1950 quamlibet
851 1899 900 1939 ob
927 1899 1078 1939 causam
1105 1898 1320 1938 recentibus
1354 1897 1426 1935 do-

144 1965 254 2003 minis
289 1965 492 2014 iniquiores
520 1963 617 2003 sunt.

198 2026 282 2065 XV.
322 2025 440 2076 Igitur
469 2026 561 2065 licet
594 2026 644 2066 ad
674 2026 933 2075 comparanda
957 2024 1154 2063 civitatum
1180 2021 1326 2068 studia,
1355 2018 1422 2058 no-

147 2100 235 2126 men
262 2088 492 2127 ostentatum
521 2088 706 2127 libertatis
733 2088 842 2136 effet3
873 2087 990 2126 deleri
1015 2096 1144 2125 tamen
1172 2084 1314 2123 invidia
1339 2096 1421 2121 non

147 2151 296 2199 potuit,
331 2151 435 2200 quod
467 2151 573 2190 nullo
600 2152 649 2190 ad
675 2164 757 2189 eam
783 2151 886 2189 diem
909 2148 1113 2200 exemplo,
1141 2149 1290 2199 ignotus
1317 2146 1426 2184 heres

148 2210 428 2260 praeseriptione
453 2212 668 2250 testamenti
697 2225 857 2262 regnum
886 2211 1051 2250 alienum
1080 2217 1298 2260 occuparet.
1332 2207 1428 2246 Haec

148 2271 444 2322 haudquaquam
474 2273 596 2324 segnis
628 2273 851 2314 observabat
879 2273 1133 2321 Aristonicus,
1165 2283 1279 2321 quem
1308 2279 1427 2307 mater

199 2400 315 2449 exn.
339 2401 455 2444 Polyb.
479 2401 585 2434 Sti—ab.
609 2404 632 2434 1.
659 2412 712 2443 15.
737 2402 756 2440 Ε
785 2402 1037 2442 ΧΙΙΙ.,Ῑ)ἱοἸοι’.
1062 2413 1115 2445 ap.
1140 2398 1251 2431 Vales.
1279 2398 1298 2434 ς
1325 2396 1415 2428 XIV·

154 2443 272 2480 Justm,
301 2445 353 2489 36,
373 2457 405 2487 4.
423 2446 530 2478 Strab.
557 2445 675 2479 Euseb.
697 2446 784 2480 Plut.
802 2447 836 2479 in
851 2447 905 2480 Ti.
936 2446 1081 2479 Gracch.
1100 2457 1130 2490 c.⁴
1148 2455 1188 2478 20
1209 2443 1297 2476 Flot.
1315 2453 1333 2474 2
1346 2466 1354 2481 ‚
1372 2452 1425 2475 20„
