1632 2641
323 152 398 201 1N
440 153 604 200 LOC.
649 145 779 198 ΗΒ.
829 149 997 196 vau
1038 150 1173 197 LIV.
1309 158 1404 211 323

123 263 307 306 redeundi
333 263 486 313 copiam
511 261 632 300 fecit.
667 259 872 309 denuoque
896 259 1092 297 decretum
1115 257 1191 305 est,
1217 255 1310 294 nihil
1335 270 1406 294 non

119 330 221 382 prius
249 329 475 372 tentandum,
500 339 613 377 quam
642 335 682 361 ut
697 325 735 376 se
763 323 883 373 ἰπνιβς
911 321 1037 373 mftns
1022 323 1114 374 sque
1142 321 1192 358 ad
1219 320 1407 358 ludibrium

124 392 160 432 6>
180 391 352 429 cruciatus
381 390 549 426 dederent
589 387 703 426 Nona
729 385 886 423 demum
919 384 980 423 die
1006 384 1171 422 adducta
1196 381 1245 420 ad
1266 393 1341 418 nov
1346 392 1408 418 am

125 451 259 491 urbem
282 451 404 501 figna,
430 449 512 499 post
539 461 722 499 magnum
751 450 786 486 ἃ
810 449 961 486 inanem
991 446 1094 485 lzribo
1102 458 1193 493 em,
1218 442 1345 481 multis
1371 443 1409 481 &

125 514 290 554 hostium
319 513 474 560 occisis,
507 515 541 552 ἃ
566 511 719 550 suorum
744 510 975 561 deperditis,
1004 509 1051 547 ad
1071 516 1281 546 extremum
1307 504 1410 542 irrita

102 569 108 572 ”
129 575 435 624 &infrequentia
463 573 716 613 discesserunt.
740 572 796 612 Ita
816 570 976 611 defensrs
993 566 1202 615 Triocalis,
1224 567 1272 605 ad
1291 565 1410 616 pristi-

126 652 215 678 nam
239 638 420 678 fiduciam
443 637 557 676 erecli
580 635 666 674 sunt
687 635 804 674 animi
824 634 1095 687 fugitivorum,
1119 629 1331 679 multasque
1354 629 1413 667 Si·

127 700 224 740 ciliae
241 700 369 740 clades
392 699 601 739 intulerunt
619 713 629 747 3
648 699 801 738 sedente
822 706 1006 747 praetore,
1027 708 1094 746 per
1114 695 1409 746 negligentiam,

129 771 196 803 aut
222 763 310 813 quia
334 762 458 812 praeda
484 761 688 810 provinciae
716 759 926 799 ditescendi
962 758 1064 808 prior
1084 770 1172 796 cura
1197 766 1287 797 erat.

185 831 269 871 LX.
298 822 615 880 Repetundarum
643 837 745 868 certe
761 860 771 877 ,
804 829 1062 878 nequidquam
1084 826 1255 866 recusato
1279 835 1411 868 contra

130 892 235 943 leges
255 893 425 942 judicio,
446 891 493 930 ab
510 903 651 941 augure
673 890 832 930 Servilio
851 890 1051 928 damnatus
1067 888 1129 927 est.
1164 888 1264 928 unde
1284 890 1414 939 postea

132 954 247 995 nullae
271 955 471 1005 graviores‘
492 953 531 990 in
554 952 668 999 urbe,
685 964 798 1001 quam
821 950 1066 991 Serviliorum
1092 960 1206 1003 atque
1234 950 1416 990 Lucullo-

132 1030 244 1065 rum,
282 1014 489 1054 inimicitiae
518 1013 676 1063 longum
704 1013 753 1051 ad
782 1022 934 1062 tempus
969 1012 1198 1051 exstiterunt.
1236 1012 1310 1051 Sed
1332 1011 1414 1050 haec

133 1079 327 1129 aliquanto
354 1077 436 1128 post
462 1076 693 1115 acciderunt.
730 1075 773 1114 ln
800 1074 981 1125 Hispania
1011 1088 1069 1112 res
1094 1075 1244 1114 incerta:
1269 1077 1316 1114 ab
1347 1075 1416 1116 ali·

133 1151 228 1192 quot
253 1141 360 1181 annis
386 1141 555 1187 fuerant,
585 1138 725 1177 crebris
751 1137 881 1187 utique
904 1135 1132 1185 latrociniis,
1161 1138 1353 1176 interdum
1379 1139 1414 1176 8:

134 1205 258 1245 bellis.
287 1204 487 1244 occursum
512 1212 642 1241 tamen
669 1214 690 1240 a
713 1201 896 1240 Romanis
923 1200 1043 1250 copiis
1073 1201 1147 1247 est,
1181 1201 1305 1248 donec
1340 1213 1418 1238 cre.

139 1267 331 1307 brescente
356 1265 553 1305 Cimbrico
580 1272 742 1310 terrore,
762 1261 890 1301 Sicilia
917 1274 1070 1311 quoque
1092 1261 1286 1301 servilibus
1302 1262 1416 1301 armis

137 1331 276 1370 iterum
295 1329 450 1375 infesta,
474 1327 672 1377 Hispanias
693 1324 910 1364 domesticis
927 1324 1106 1374 praesidiis
1121 1326 1293 1375 permitti
1310 1337 1420 1376 opor-

137 1393 222 1438 tuit.
259 1392 436 1432 Praetores
465 1398 594 1428 tamen
624 1401 694 1435 eo,
720 1386 784 1426 sed
808 1387 882 1425 fine
905 1387 1098 1433 exercitu,
1126 1386 1392 1428 mittebantur.

196 1461 297 1502 LXI.
326 1461 475 1500 Interea
498 1457 645 1498 Cimbri
672 1457 754 1508 post
782 1456 959 1497 Mallium
987 1458 1021 1495 δέ
1051 1456 1270 1506 Caepionem
1295 1456 1419 1507 fusos,

139 1537 229 1563 cum
257 1536 362 1562 more
387 1521 560 1561 fulminis
589 1522 720 1560 onmia
749 1526 1065 1570 perrumperent,
1099 1518 1285 1573 quidquid
1318 1520 1420 1558 inter

141 1586 377 1627 Rhodanum
402 1588 436 1625 ἃ
462 1585 680 1636 Pyrenaeum
697 1583 769 1631 est,
795 1581 1047 1633 depopulati,
1063 1593 1130 1631 per
1154 1581 1288 1620 saltum
1314 1582 1423 1633 Pyre-

143 1661 268 1693 naeum
294 1647 608 1686 transcenderunt
634 1648 673 1685 in
698 1644 948 1695 Hispaniam:
981 1645 1017 1683 ἃ
1043 1656 1131 1682 cum
1155 1643 1279 1682 ubivis
1303 1644 1422 1684 vasta.

142 1712 289 1751 tionem
314 1710 507 1758 facerent,
530 1723 549 1748 a
569 1708 768 1749 Celtiberis
785 1707 855 1745 fust
882 1706 1082 1757 fugatique
1106 1705 1203 1745 sunt.
1232 1707 1321 1746 Eam
1340 1721 1422 1747 rem

141 1775 373 1825 imperatore
396 1772 527 1813 Fulvio
551 1782 710 1824 praetore
733 1772 920 1812 Romano,
940 1771 1079 1821 gestam
1107 1771 1350 1809 credentibus
1380 1779 1424 1811 ut

145 1837 353 1886 accedam,
379 1827 541 1875 inclinat
568 1836 744 1882 animus,
783 1834 869 1885 quia
897 1833 1015 1872 vietus
1043 1833 1090 1872 ab
1119 1833 1193 1871 hoc
1223 1833 1424 1882 Cimbros,

144 1912 268 1950 neque
289 1899 399 1938 aliam
425 1898 459 1937 ei
483 1896 718 1948 provinciam
733 1927 743 1944 ‚
761 1908 875 1946 quam
892 1895 1114 1945 Hispaniam
1141 1896 1310 1945 reperio,
1333 1909 1423 1936 cum

144 1961 295 2002 Italiam
324 1961 565 2010 Galliamque
592 1972 659 2010 per
684 1971 818 1997 omnes
842 1971 907 1997 eos
936 1971 1055 1997 annos
1082 1957 1255 1996 consules
1278 1958 1426 1998 obtine·

146 2031 242 2064 rent.
267 2023 392 2072 Adde,
421 2022 524 2073 quod
549 2023 583 2061 δε
603 2034 660 2060 res
691 2022 742 2060 ita
770 2020 868 2071 gesta
893 2021 1079 2066 traditur,
1105 2028 1171 2066 ut,
1193 2019 1296 2058 haud
1322 2019 1426 2059 mul-

147 2093 230 2124 tum
253 2085 465 2123 imminutis
489 2084 630 2134 copiis,
655 2083 855 2122 confilium
871 2092 1000 2122 tam-en
1019 2081 1275 2132 relinquendae
1293 2081 1428 2150 Hispa

148 2148 222 2187 niae
249 2145 398 2196 placere
425 2145 592 2185 Cimbris
621 2145 800 2195 potuerit

205 2218 328 2259 IXH.
366 2218 524 2258 Collatis
553 2220 657 2258 enirn
687 2217 836 2264 castris,
871 2215 998 2268 equites
1014 2215 1104 2268 filos
1127 2217 1176 2254 ad
1198 2216 1331 2253 vallum
1361 2216 1431 2254 Ιιοο

141 2283 246 2336 flium
271 2283 450 2330 accedere,
476 2283 598 2320 deinde
627 2280 801 2333 refigere,
823 2278 978 2318 Fulvius
1004 2277 1169 2328 jusserat.
1202 2278 1244 2317 ld
1266 2277 1333 2317 ubi
1360 2290 1428 2329 per

199 2407 220 2445 Ε
246 2405 332 2437 LIX.
365 2405 452 2437 Flor.
482 2414 520 2447 3,
552 2403 895 2445 19.Diod0r.13.6
929 2401 1055 2434 Auem
1084 2401 1123 2434 de
1153 2401 1227 2433 Vir.
1253 2401 1300 2434 ill.
1323 2413 1350 2434 c
1376 2403 1431 2437 6

152 2448 575 2495 Appian.1¹'2sp.§L)<.1
602 2447 689 2482 Plut.
705 2448 739 2480 iu
765 2413 857 2480 Mar3
877 2459 906 2480 ς
932 2447 983 2482 16.
1003 2447 1077 2479 Liv.
1102 2446 1191 2495 Epir.
1219 2445 1284 2479 Jul.
1306 2426 1431 2493 Obsteq

1070 2508 1115 2553 ,Χ
1156 2524 1179 2552 2,
