1632 2641
220 141 316 189 410
382 128 479 176 JO.
523 126 1032 176 FREINSHEMII
1081 130 1447 180 SUPPLEM.·

224 238 328 286 ginta
354 236 414 275 sex
444 237 576 287 pondo
600 243 731 285 erant,
757 238 954 288 prodigia,
973 251 1054 289 quae
1081 237 1141 278 his
1170 238 1351 278 omnibus
1377 238 1513 278 interis

221 306 308 338 tum
340 300 474 337 minari
508 299 751 347 viderentur,
782 300 999 350 frequentia
1030 301 1263 340 exstiterunt.
1308 300 1387 340 Sub
1421 308 1509 338 ortu

218 360 332 409 solis,
360 361 496 411 globus
526 361 625 412 ignis
661 374 680 400 a
715 361 1017 412 septemtrionali
1046 363 1202 413 regione
1238 375 1327 402 cum
1362 362 1508 413 ingenti

217 422 315 462 sono
351 423 441 462 coeli
474 424 642 463 emicuit.
683 425 821 464 Arretii
859 424 1121 475 frangentibus
1157 437 1304 475 panes,
1334 436 1446 461 cruor
1485 435 1509 461 e

218 488 358 526 mediis
385 488 507 528 fluxit.
545 489 588 527 In
618 489 878 537 Samnitibus,
905 489 1074 540 itemque
1099 490 1279 538 AEnariae,
1301 488 1506 529 vastiffimo

216 557 326 587 terrae
353 549 486 597 hiatu,
508 550 662 590 flamma
688 552 886 602 prorupit,
912 554 949 592 &c
973 552 1090 602 usque
1117 552 1155 590 in
1180 551 1322 591 coelum
1349 550 1507 590 extendi

215 609 295 648 visa
324 611 387 649 est.
428 612 471 651 In
501 613 660 652 Vestinis
699 627 766 664 per
803 614 883 654 dies
917 614 1062 665 septem
1098 613 1296 667 lapidibus
1331 612 1507 662 testisque

218 671 333 722 pluit.
363 674 473 714 Circa
498 676 691 727 Rhegium
715 688 812 717 terra
838 686 967 727 mota,
992 691 1079 729 pars
1105 691 1242 728 magna
1268 677 1370 716 urbis
1390 676 1508 714 muri-

221 747 297 783 que
323 736 458 776 diruta.
479 738 523 777 In
548 738 747 788 Spoletino
775 739 905 779 colore
931 754 1045 780 aureo
1074 740 1213 791 globus
1238 739 1336 789 ignis
1362 739 1408 777 ad
1434 747 1508 775 ter-

218 809 298 835 ram
318 798 545 848 devolutus,
562 802 761 851 majorque
781 802 926 851 faetus,
953 815 975 842 a
1000 811 1097 842 terra
1120 802 1169 841 ad
1193 801 1390 841 Orientem
1417 798 1508 838 ferri

199 856 344 908 ¹visus,
372 861 679 910 magnitudinem
714 862 802 901 solis
829 863 994 903 obtexit.

274 918 321 958 II.
354 920 484 960 Cumis
509 922 548 960 in
574 936 678 971 arce,
708 923 952 964 fimulacrum
979 923 1166 975 Apollinis
1193 923 1352 963 sudavit.
1391 923 1506 963 ffides

218 976 374 1019 Pietatis
400 984 441 1021 in
468 984 570 1022 circo
600 985 786 1024 Flaminio
815 985 980 1025 fulmine
1003 988 1091 1026 ic‘ta.
1123 986 1264 1025 ancilla
1288 985 1506 1036 serpentem

217 1043 381 1092 peperit.
414 1046 490 1085 Sed
510 1045 606 1085 nihil
632 1047 918 1087 formidolosius
945 1048 1041 1096 fuit,
1071 1062 1187 1099 quam
1207 1049 1246 1087 in
1275 1062 1365 1099 agro
1388 1047 1507 1087 Muti-

217 1106 324 1144 nenfi
357 1117 508 1147 montes
546 1110 624 1148 duo
659 1110 758 1149 inter
784 1109 1128 1153 seeoncurrerunt
1160 1111 1305 1161 crepitu
1332 1111 1505 1151 maximo

216 1168 437 1211 assultantes
472 1174 791 1224 recedentesque,
825 1176 923 1214 inter
958 1189 1024 1215 eos
1059 1178 1215 1216 flamma
1248 1177 1434 1226 fumoque
1465 1177 1505 1214 in

219 1232 364 1272 coelum
394 1245 583 1284 exeunte,
613 1228 803 1285 interdiu,
830 1238 1024 1288 spec‘tante
1050 1251 1070 1277 e
1097 1239 1156 1278 via
1182 1239 1334 1279 AEmilia
1366 1252 1505 1289 magna

191 1349 195 1353 A
216 1297 396 1345 equitum
419 1299 705 1348 Romanorum,
726 1300 1037 1351 familiarumque
1061 1304 1095 1342 ἅ
1120 1302 1309 1341 viatorum
1333 1301 1507 1340 multitu-

205 1358 321 1398 ‘dine
360 1360 416 1399 Eo
438 1362 624 1402 concursu
655 1363 751 1403 villae
777 1377 913 1403 omnes
938 1364 1054 1413 elisae,
1081 1363 1260 1404 animalia
1282 1363 1506 1415 permulta,

218 1432 303 1470 quae
331 1422 615 1472 interfuerunt,
642 1428 857 1465 exanimata
880 1427 976 1466 sunt.

274 1481 341 1521 III.
368 1483 443 1522 Sed
471 1483 588 1533 mihi,
619 1486 706 1525 talia
731 1488 828 1538 saepe
855 1489 1058 1537 referenti,
1088 1489 1314 1530 faciundum
1343 1490 1504 1529 omnino

217 1543 391 1592 videtur,
422 1554 465 1585 ut
491 1561 567 1596 quo
596 1550 814 1599 proposito,
840 1564 989 1602 quaque
1012 1551 1124 1591 causa
1149 1553 1231 1592 haec
1257 1552 1503 1600 recenseam,

220 1605 257 1643 ἃ
279 1605 390 1654 quale
414 1607 462 1646 de
490 1608 547 1647 his
575 1612 878 1661 concipiendum
907 1613 1096 1661 judicium
1119 1621 1272 1663 putem,
1296 1610 1412 1651 semel
1439 1625 1505 1652 ex-

217 1680 377 1717 ponam.
402 1670 480 1720 Ego
503 1685 591 1711 vero
604 1675 775 1723 ,‘quod
765 1688 804 1712 in
829 1674 1094 1713 vetustioribus
1115 1673 1219 1713 libris
1243 1672 1502 1724 reperiebam,

220 1737 311 1769 cum
327 1730 442 1781 saepe,
458 1733 518 1773 his
539 1705 684 1785 recisis,
709 1750 831 1787 pauca
853 1737 901 1776 de
924 1737 1166 1787 quorundam
1189 1749 1376 1776 annorum
1395 1735 1505 1785 gestis

220 1791 479 1853 superestent,
508 1799 673 1847 quadam
701 1790 943 1847 necessitate,
970 1802 1005 1839 &
1033 1799 1122 1849 quia
1149 1799 1309 1838 subinde
1334 1800 1503 1844 inerant,

220 1867 303 1904 quae
324 1859 555 1910 cognoscere
574 1863 706 1912 cupidi
727 1863 957 1912 antiquitatis
976 1876 1055 1901 non
1071 1862 1240 1910 nollent,
1262 1873 1505 1911 nequaquam

218 1922 551 1973 praetermittenda
579 1924 734 1964 censui:
757 1925 963 1975 praesertim
988 1937 1077 1963 cum
1107 1925 1239 1975 priscis
1264 1922 1504 1974 temporibus

222 1983 319 2021 tanti
352 1982 609 2034 haberentur,
639 1996 681 2026 ut
708 1988 747 2026 in
778 1988 821 2027 iis
851 1988 947 2039 saepe
974 1987 1125 2028 senatus
1151 1986 1286 2038 populi
1312 1986 1502 2033 Romani,

221 2042 537 2096 sacerdotesque,
569 2047 634 2086 diu
661 2046 947 2099 plurimumque
978 2049 1119 2088 fuerint
1147 2048 1340 2098 occupati.
1388 2048 1505 2086 Acce⁴¹

221 2105 366 2155 debat,
402 2110 507 2158 quod
540 2110 642 2148 idem
678 2123 698 2149 a
727 2110 836 2150 Livio
876 2110 1081 2160 diligenter
1108 2110 1253 2149 faCtum
1289 2108 1363 2147 effe
1393 2108 1504 2146 vide-

220 2167 309 2207 bam
328 2183 336 2209 :
363 2184 486 2222 neque
513 2172 711 2212 confilium
738 2182 830 2222 erat,
853 2172 1048 2212 historiam
1072 2171 1174 2210 illius
1197 2178 1393 2219 utcunque
1414 2168 1502 2218 sup-

220 2229 367 2281 plenti,
388 2232 577 2283 praeterire
592 2262 602 2281 ,
627 2246 710 2283 quae
731 2233 777 2272 ab
801 2233 881 2284 ipso
903 2234 1128 2283 pertraCtata
1150 2230 1259 2271 fuisse
1285 2231 1484 2270 constaret.

276 2358 297 2398 S
325 2359 350 2390 Ι
368 2359 453 2392 Plin.
478 2370 540 2401 33,
624 2359 691 2392 Jul.
707 2358 832 2401 Olseq.
854 2357 956 2390 Oros.
980 2368 1015 2399 ς,
1043 2358 1095 2391 18.
1121 2358 1194 2391 Cic.
1212 2357 1372 2391 dedivin.
1398 2368 1426 2395 1,
1442 2367 1502 2395 44.

228 2403 336 2436 Strab
358 2406 380 2437 l.
401 2405 432 2435 6.
456 2404 634 2449 Augustin.
653 2405 693 2439 de
713 2405 782 2440 civ.
802 2403 935 2449 Deig,
959 2415 1011 2437 11.
1046 2404 1070 2448 5
1098 2403 1161 2439 111.
1183 2402 1331 2437 Raderus
1352 2402 1392 2436 ad
1418 2401 1503 2435 Cur

218 2449 304 2482 tium
333 2460 374 2491 4,
399 2460 449 2484 ιο.
768 2479 772 2483 .
