1632 2641
247 176 309 217 42
417 131 1033 205 JO.FRE1NSHEMII
1075 158 1426 208 SUPPLEM.

246 279 329 304 1ore
354 268 390 305 Sc
415 267 531 304 taedio
556 263 656 303 falsae
682 263 824 313 cladis,
851 275 991 304 certam
1011 265 1210 306 victoriam
1231 279 1252 305 e
1274 268 1447 308 manibus
1470 267 1527 307 di-

246 329 442 367 miserunt.

300 390 370 428 lX.
398 388 556 427 Flaccus
575 399 662 425 cum
683 387 804 438 copiis
824 389 858 427 ἃ
874 387 1067 426 frumento
1087 387 1125 429 in
1150 388 1265 428 castra
1283 388 1406 427 rediit.
1431 389 1524 428 Non

245 460 375 491 tamen
392 452 480 490 ideo
507 451 628 489 fames
645 453 679 490 ἃ
706 450 832 500 inopia
850 450 993 489 diutius
1017 463 1036 488 a
1058 450 1180 489 castris
1203 451 1383 491 Romanis
1409 451 1525 489 arceri

243 513 397 562 potuit,
432 512 639 551 consumtis
676 512 774 550 circa
805 510 1008 557 omnibus,
1038 520 1103 550 aut
1137 520 1240 550 metu
1275 511 1523 551 barbarorum

242 571 415 610 intactis:
444 573 600 621 jamque
622 584 700 609 non
728 571 843 609 modo
869 571 1039 619 jumenta
1068 571 1226 621 paffim,
1252 572 1317 612 sed
1344 572 1522 611 homines

244 645 397 682 quoque
421 632 534 671 multi
560 632 850 671 moriebantur:
885 632 1009 670 donec
1034 632 1138 670 omni
1168 633 1352 683 patientia
1384 633 1526 684 speque

242 694 466 742 consumta,
497 693 701 744 proconsul
725 701 880 743 repente
912 692 980 732 sub
1009 702 1182 743 quartam
1213 693 1380 744 vigiliam
1403 695 1524 734 indici

240 758 525 808 profectionem
551 756 665 805 juffit.
702 757 757 796 Ibi
786 756 993 807 longinqua
1024 756 1170 796 miseria
1199 758 1234 796 ὃς
1261 766 1401 796 terrore
1425 757 1523 796 subi-

239 827 305 866 to,
335 820 396 858 cui
423 818 577 858 licentia
603 819 726 858 noetis
750 818 976 864 accefferat,
999 815 1095 855 nihil
1119 818 1278 864 ordine,
1311 818 1410 857 nihil
1433 831 1522 858 con-

238 881 319 920 :lilio
343 881 499 931 gestum.
523 881 760 931 Urgebantur
777 893 796 918 a
814 880 974 918 tribunis
1000 882 1034 918 ὁὶ
1051 880 1336 919 centurionibus
1349 911 1360 929 ‚
1376 889 1442 930 per
1462 892 1524 920 ca-

239 942 309 980 stra
327 939 623 980 discurrentibus
638 972 648 989 ,
665 948 707 980 ut
733 950 821 979 ante
844 940 971 979 lucem
988 942 1056 979 iter
1072 941 1382 990 ingrederentur:
1407 955 1450 980 ea
1469 942 1524 981 fe-

239 1005 396 1061 stinatio·
407 1004 618 1043 tumultum
634 1005 794 1043 mirifice
812 1006 942 1051 auxit,
963 1016 1051 1041 cum
1073 1003 1195 1042 subito
1219 1004 1413 1044 discedere
1437 1018 1524 1044 coa-

241 1068 309 1106 &is
326 1097 336 1115 ,
370 1066 465 1105 nihil
490 1069 529 1105 in
567 1067 675 1106 usum
699 1067 866 1115 itineris,
892 1065 990 1106 nihil
1018 1066 1193 1105 adversus
1222 1066 1368 1106 hostem
1396 1068 1523 1118 provi-

238 1129 321 1168 sum
349 1129 450 1168 effer.

292 1192 343 1231 X.
373 1192 448 1231 Sua
481 1190 614 1241 sponte
637 1191 808 1240 trepidos
839 1190 956 1241 magis
984 1191 1097 1230 etiam
1126 1191 1417 1231 consternabant
1439 1190 1519 1230 sau-

238 1256 387 1294 ciorum
415 1266 677 1304 aegrorumque
704 1254 814 1292 fletus
843 1256 877 1292 S:
901 1252 1084 1302 querelae,
1108 1254 1171 1303 qui
1196 1253 1414 1294 circumfufi
1434 1253 1521 1292 vasa

236 1315 533 1366 colligentibus,
561 1313 754 1364 complexi
786 1314 967 1354 abeuntes
986 1346 999 1362 ‚
1036 1316 1167 1353 onmia
1200 1315 1518 1354 neceffitudinum

235 1376 504 1426 sacrorumque
527 1377 683 1414 nomina
706 1375 881 1424 ciebant,
907 1376 1086 1414 invalidos
1103 1391 1144 1414 ac
1164 1366 1359 1428 indefensos
1374 1378 1519 1415 barbaro

233 1440 434 1492 irritatoque
463 1441 546 1492 hosti
581 1441 632 1478 ad
661 1452 812 1477 extrema
844 1439 1057 1477 crudelitatis
1086 1440 1242 1491 exempla
1276 1440 1423 1492 relinqui
1453 1441 1518 1478 de-

234 1512 446 1555 precantes.
482 1502 556 1543 Ubi
585 1503 699 1541 timor
727 1503 931 1552 occupavit
957 1503 1129 1550 animos,
1158 1501 1282 1541 nullus
1307 1503 1437 1552 pietati
1463 1503 1518 1542 lo-

236 1577 303 1603 cus
341 1564 414 1603 effe
442 1563 590 1614 potest:
625 1577 693 1613 pro
721 1563 757 1602 se
787 1563 941 1614 quisque
966 1564 1136 1602 vicinum
1168 1563 1384 1613 periculum
1417 1564 1518 1603 exire

233 1627 416 1678 properi,
448 1625 540 1664 dum
565 1624 627 1663 sua
653 1637 813 1675 corpora
838 1625 1052 1674 servarent,
1075 1624 1171 1664 nihil
1196 1625 1299 1676 pensi
1322 1624 1516 1665 habebant

232 1689 393 1729 aliarum
414 1700 539 1727 rerum
572 1688 747 1729 omnium
772 1686 967 1726 amillione
990 1685 1143 1737 pacisci.

289 1760 360 1798 Xl.
383 1758 487 1807 ,Ergo
510 1755 617 1795 nullo
644 1755 867 1806 cujusquam
884 1757 1069 1807 imperio,
1094 1755 1206 1795 nullis
1230 1755 1428 1795 ordinibus
1444 1754 1519 1794 ser-.

233 1822 354 1866 vatis,
377 1832 464 1858 cum
481 1818 619 1869 trepidi
650 1827 763 1868 atque
789 1818 1012 1866 semermes,
1034 1818 1133 1869 fugae
1156 1817 1266 1856 simili
1280 1817 1518 1868 profectione

232 1882 406 1927 abirent,
434 1892 563 1920 acrem
591 1881 625 1918 ἃ
649 1878 874 1929 vigilantem
907 1879 1053 1918 hostem
1081 1879 1185 1919 haud
1213 1879 1276 1919 diu
1301 1879 1514 1919 latuerunt:

235 1942 353 1982 effusa
379 1942 535 1981 summis
557 1941 698 1980 viribus
716 1941 1014 1981 Pallantinorum
1036 1943 1238 1991 juventus,
1262 1940 1309 1979 ab
1333 1948 1417 1979 ortu
1436 1941 1515 1983 diei

230 2005 347 2055 usque
371 2005 419 2043 ad
444 2004 622 2043 occasum
646 2004 684 2042 in
714 2015 819 2052 tergo
846 2012 911 2043 aut
932 2003 1112 2043 lateribus
1133 2003 1296 2054 agminis
1319 2001 1511 2043 haerebat:

233 2066 423 2116 multique
451 2064 636 2114 subinde,
663 2078 751 2104 curn
785 2065 913 2104 animo
947 2068 983 2105 ὃς
1010 2065 1154 2104 viribus
1185 2066 1372 2114 impares,
1404 2062 1513 2102 fimul

229 2129 456 2168 submovere
481 2128 730 2177 objicientem
757 2127 792 2166 se
818 2127 990 2175 hostem,
1018 2125 1127 2165 simul
1151 2127 1222 2164 iter
1245 2126 1370 2164 facere
1398 2137 1513 2175 coge-

231 2198 381 2237 rentur,
417 2189 464 2228 ab
492 2187 667 2239 Hispanis
697 2188 1046 2228 interficiebantur:
1073 2201 1199 2238 neque
1226 2186 1429 2238 proconsul
1454 2186 1514 2226 his

233 2250 346 2290 malis
371 2261 568 2288 occurrere
583 2280 593 2297 ‚
609 2257 674 2288 aut
697 2249 894 2288 subvenire
914 2258 1089 2299 potera-t,
1113 2248 1230 2286 nimia
1252 2248 1353 2287 mole
1378 2259 1513 2297 corpo-

230 2314 280 2352 ris
305 2315 457 2363 ineptus
483 2313 532 2352 ad
551 2312 797 2362 imperatoria
820 2312 973 2359 munia,
991 2312 1025 2350 Sc
1056 2299 1339 2361 propemodum
1374 2311 1512 2351 immo-

276 2456 298 2500 §
323 2455 414 2490 vm.
438 2454 515 2492 Liv.
533 2455 624 2500 Epit.
640 2454 709 2491 Jul.
735 2452 861 2498 Obseq.
882 2453 984 2490 Oroi.
1007 2452 1154 2499 Appiam
1175 2450 1275 2498 Hisp-
