1632 2641
228 139 314 187 115
397 137 491 185 JO.
532 132 1041 180 FREINSHEMII
1079 130 1443 177 SUPPLEM

223 262 302 288 non
326 247 502 285 timuerat
532 243 684 285 dicere..
722 240 895 279 Tiberium
910 238 991 292 jure
1020 237 1139 290 caefitm
1171 239 1295 277 videri.
1333 238 1434 277 Dum
1464 238 1504 277 in

223 310 282 348 his
307 308 417 348 mbas
448 306 529 356 spes
553 304 745 354 animique
772 301 1034 342 diffidentium
1056 301 1191 340 Romae
1215 303 1434 349 jactantur,
1465 300 1506 340 P.

207 370 428 431 Rupilius,
446 364 705 417 proconsulari
733 364 894 414 imperio
917 362 1088 402 Siciliam
1110 362 1312 409 obtinens,
1337 374 1424 400 cum
1454 361 1508 398 ni-

223 433 279 471 hil
304 433 351 471 ad
383 430 598 482 pacandam
624 428 782 467 omnino
817 426 1083 477 provinciam,
1120 433 1257 474 praeter
1282 422 1394 472 ipsius
1422 420 1504 460 falfi

225 498 324 547 regis
351 494 636 546 captivitatem,
662 490 889 541 superesset,
913 490 962 528 ad
982 486 1390 538 comprehendendum
1414 497 1504 522 eum

223 549 402 609 eizpedito
434 568 522 594 cum
555 553 677 593 milite
710 550 897 602 proceffit.
939 550 1042 589 Tum
1073 561 1188 596 vero,
1213 547 1412 597 desperata
1442 559 1507 596 pe-

222 622 325 660 nitus
352 619 494 665 salute,
523 616 586 666 qui
614 627 703 654 cum
736 614 843 653 Euno
863 609 1080 663 fugerant,
1115 611 1256 649 mutuis
1286 609 1506 649 vulneribus

222 682 500 734 suppliciorum
532 676 746 717 crudelitati
774 676 811 715 sc
839 684 1077 714 exemerunt.

289 751 426 794 XLVI.
469 751 624 797 Eunus,
647 747 766 787 homo
801 746 958 786 timidus
991 747 1026 785 δι’
1046 740 1212 792 sucum,
1240 756 1329 782 cum
1360 744 1399 783 in
1425 743 1508 795 spe-

224 817 348 858 luncis
371 813 604 866 aliquamdiu
630 811 819 861 latuisset,
847 819 1016 861 repertus
1033 803 1298 858 efferatiusque
1318 809 1390 857 est,
1416 821 1507 848 cum

226 878 434 920 comitibus
462 875 620 916 omnino
651 881 837 925 quatuor:
870 886 915 911 ex
941 871 1077 921 quibus
1109 871 1194 921 ipfis
1229 870 1401 909 aestimari
1435 871 1509 909 sto-

227 944 355 984 liditas
383 955 427 981 ac
461 938 641 980 mollities
674 936 799 977 vesani
836 933 1113 986 praestigiatoriz
1148 941 1322 984 poterat3
1361 945 1506 983 coquus

227 1007 356 1054 enim,
383 1005 592 1056 pistorque,
618 1012 662 1040 ac
683 999 876 1039 balneator
892 1029 903 1046 ,
931 1011 1021 1036 cum
1048 996 1194 1044 scurra,
1224 996 1286 1047 qui
1308 1006 1510 1047 potantem

226 1069 438 1110 exhilarare
458 1067 647 1113 sueverat,
671 1064 833 1103 extremi
857 1062 1004 1111 solique
1037 1059 1291 1099 ministrorum
1321 1060 1356 1099 ei
1383 1059 1509 1111 super-

227 1135 346 1174 fuere.
384 1131 590 1179 Coniectus
625 1126 702 1177 ipse
739 1128 778 1165 in
811 1124 1103 1175 Morgantinum
1139 1135 1330 1161 carcerem
1351 1153 1362 1171 ‚
1398 1123 1507 1162 foedo

229 1194 393 1242 morbo,
429 1205 520 1231 cum
551 1203 597 1229 ex
624 1198 803 1239 corrupto
835 1199 995 1237 corpore
1035 1183 1305 1236 pediculorum
1343 1185 1398 1223 vis
1434 1185 1512 1223 im-

231 1257 360 1298 mensa
384 1253 615 1307 pullularet,
642 1252 768 1302 periit.
803 1247 1032 1297 Pmcousul,
1064 1261 1111 1286 ne
1139 1247 1231 1297 quid
1264 1245 1512 1297 reliquiarum

230 1321 390 1371 usquam
426 1317 463 1358 se
498 1317 706 1363 conderet,
739 1322 861 1352 totam
896 1311 1058 1351 insulam
1086 1322 1174 1349 curn
1208 1309 1398 1359 expeditis
1430 1322 1514 1359 per-

231 1381 422 1427 cucurrit,
455 1376 688 1430 penitusque
706 1381 946 1425 repurgatam
979 1373 1026 1412 ab
1056 1371 1162 1410 omni
1190 1383 1269 1409 non
1293 1371 1410 1410 modo
1435 1384 1515 1410 ma-

227 1446 349 1493 teria,
383 1442 448 1482 sed
479 1442 597 1480 etiam
631 1437 843 1489 suspicione
882 1435 1001 1486 belli,
1034 1433 1251 1484 ordinavit,
1282 1433 1430 1486 legibue
1464 1434 1514 1473 de

232 1506 417 1548 sententia
443 1504 578 1543 decem
606 1500 818 1552 legatorum
845 1498 954 1537 datis.

266 1575 447 1619 ¹XLVII.
481 1573 636 1628 Rupiliae
660 1571 705 1617 ab
729 1572 882 1609 auctore
908 1575 1074 1607 vocatae:
1106 1569 1249 1619 diuque
1274 1569 1455 1619 deinceps
1472 1570 1513 1618 in

233 1643 302 1683 usu
331 1650 444 1691 atque
474 1639 622 1677 honore
656 1635 759 1686 apud
783 1631 933 1674 Siculos
964 1632 1083 1683 fuere.
1117 1633 1311 1682 Praecipue
1344 1633 1391 1671 de
1414 1632 1515 1681 judi-

233 1705 303 1744 ciis
332 1701 561 1741 cavebatur:
595 1711 632 1736 ut
661 1696 720 1750 qui
745 1694 891 1748 ejusdem
927 1694 1085 1732 civitatis
1119 1693 1221 1745 effmt
1250 1693 1390 1740 Siculi,
1422 1693 1516 1731 domi.

234 1779 398 1808 certarent
425 1763 506 1816 suis
535 1762 694 1814 legihu55
732 1760 791 1812 qni
818 1759 1056 1812 diversarum,
1086 1758 1176 1797 inter
1206 1773 1263 1797 eos
1291 1770 1417 1812 praetor
1442 1761 1516 1797 Ro-

235 1843 360 1868 manus
379 1826 565 1880 judicaret.
601 1822 852 1864 Admirationi
880 1834 938 1860 res
961 1833 1006 1859 ea
1031 1819 1135 1859 haud
1160 1820 1352 1860 immerito
1375 1819 1513 1860 Siculis

233 1891 334 1939 fuit,
367 1889 472 1940 quod
508 1900 618 1938 quem
647 1885 851 1936 aliquando
880 1883 1093 1935 publicanis
1119 1897 1235 1934 opera
1267 1884 1392 1922 danda
1417 1886 1516 1923 tueri

236 1953 275 1994 se
305 1952 503 1999 viderant,
531 1949 695 1989 eundem
718 1960 821 1987 nunc
848 1947 916 1986 fibi
945 1945 1076 1997 leges,
1103 1945 1232 1985 insulae
1260 1957 1419 1996 pacem,
1452 1946 1513 1984 fu-

238 2011 366 2068 gitivis
395 2016 430 2054 δε
457 2012 699 2065 praedonibus
725 2009 913 2061 supplicia
947 2009 1174 2048 reddentem
1197 2009 1383 2048 viderent.
1416 2008 1516 2048 Con-

239 2077 373 2118 stitutis
400 2076 441 2115 in
464 2074 588 2116 Sicilia
615 2073 746 2120 rebus,
777 2072 1022 2121 exercituque
1044 2071 1245 2121 deportato
1260 2099 1271 2117 ‚
1293 2082 1514 2119 quanquam

239 2153 297 2180 res
324 2137 518 2188 triumpho
545 2134 778 2186 digniffimas
795 2132 973 2184 gess'erat‚
1003 2131 1181 2170 ovatione
1201 2140 1405 2169 contentus
1423 2131 1517 2180 fuit5

240 2218 290 2243 ne
315 2203 504 2242 summum
529 2201 567 2239 in
594 2200 667 2239 hac
690 2199 843 2237 civitate
863 2195 1012 2237 virtutis
1037 2195 1237 2246 praemium
1264 2194 1387 2235 servili
1414 2194 1517 2233 vide«

238 2274 340 2305 retur
365 2263 608 2313 inscriptione
638 2259 844 2299 foedavisse.

293 2401 312 2432 S
337 2398 455 2430 XLVI.
482 2396 652 2430 Plutarch.
686 2394 827 2425 Diodor.
865 2394 886 2433 5
911 2391 1048 2428 XLVH.
1073 2391 1198 2427 Ascon.
1226 2391 1362 2427 Pedian.
1387 2388 1460 2422 Cic.
1482 2387 1520 2420 in

245 2443 342 2477 Ver-s.
362 2455 401 2484 2,
426 2453 474 2486 13·
498 2442 574 2476 Val.
592 2440 685 2473 Max.
709 2439 797 2471 flor.
822 2448 838 2482 3
857 2463 867 2479 ‚
886 2448 938 2481 ¹9·
1524 2432 1529 2437 '
