1632 2641
239 141 304 186 ιζ
399 122 1442 179 JO.FRE1NSHEM118U1PPLEM;

240 240 281 272 to
315 233 455 271 summi
479 231 631 281 imperii
661 230 873 270 dedecor:e
907 230 972 270 sed
995 243 1119 281 neque
1144 231 1254 269 resisti
1292 230 1536 271 sacrosanstae

237 295 419 346 potestati
449 300 624 344 poterat,
652 305 776 343 neque
815 306 835 331 e
871 292 1049 344 collegio
1063 293 1290 344 quisquam,
1313 303 1356 333 ut
1377 293 1547 333 interce‘-

241 358 371 405 deret,
399 355 556 394 exorari.
599 368 644 394 ea
676 355 859 394 omnibus
893 355 933 393 in
966 355 1072 406 pravi
1097 356 1246 395 conlilii
1281 356 1538 396 obstinatione

240 431 321 460 erat
352 387 559 458 consenlio.
604 419 652 458 At
683 418 817 458 Nafica
849 417 1088 468 Brutusque,
1119 427 1162 457 ut
1191 419 1296 459 fama
1335 421 1370 459 δε
1400 419 1539 458 virtute

238 492 436 522 tantorum
452 482 629 525 >virorum
655 482 923 532 dignumerat
941 513 952 531 ,
979 483 1060 532 pati
1087 482 1305 533 quidlibet,
1333 496 1451 533 quam
1477 494 1538 521 ce-

241 546 330 584 dere
353 543 558 584 tribunitiis
583 543 779 583 furoribus
804 545 844 583 in
869 543 980 582 causa
996 543 1267 591 honestissima,
1289 544 1524 584 maluerunt.

292 605 362 646 Ill.
383 607 519 655 Neque
538 605 678 645 minori
701 605 883 655 deinceps
901 605 1042 643 fiducia
1060 604 1304 645 tribunorum
1321 605 1403 644 aliis
1420 605 1540 644 aetio-

240 666 355 708 nibus
380 679 651 717 repugnavere.
678 679 754 717 qua
778 667 818 705 in
835 679 874 705 re
894 666 1038 721 Nabficae
1060 667 1225 707 consulis
1249 669 1450 709 nobilitata
1466 680 1543 709 vox

243 729 321 776 est,
351 728 514 778 ingentis
542 729 658 768 animi
685 728 982 778 constantiaeque
1005 729 1156 769 invictae
1185 729 1415 783 plenissima.
1450 730 1542 770 Pro-

247 792 384 832 ductos
414 793 453 830 in
484 791 715 830 concionem
752 790 927 830 consules
960 791 1001 831 C.
1028 792 1217 831 Curiatius
1257 792 1378 845 referre
1411 794 1461 831 ad
1485 794 1544 846 se-

243 866 367 892 natum
401 852 584 902 jubebat,
621 865 662 891 ut
689 853 857 905 adverfics
887 852 1155 905 invalescentem
1185 868 1337 893 annonae
1361 854 1546 893 caritatem

237 915 409 969 frumenti
431 916 562 954 emendi
589 916 695 968 causa
721 914 829 967 legati
854 916 1120 953 decernerentur.
1159 914 1218 953 Ibi
1243 914 1382 954 Nasica
1405 915 1548 953 docere

248 976 441 1028 populum
465 975 569 1016 orsus
584 1007 594 1024 ,
609 989 743 1028 parum
766 976 968 1026 probabile
991 974 1087 1015 illud
1107 976 1322 1016 institutum
1339 976 1435 1024 effe,
1457 988 1552 1015 cum

247 1038 586 1090 interpellaretur,
623 1038 793 1078 maxima
819 1038 987 1086 fiducia,
1022 1050 1151 1087 tacete,
1187 1039 1335 1089 inquit,
1379 1038 1556 1090 Quirites.

252 1116 337 1140 nam
351 1115 411 1154 ego
425 1131 436 1149 ,
454 1102 540 1153 quid
560 1104 731 1140 conducat
753 1101 971 1155 reipublicae,
986 1101 1107 1138 rec‘iius
1120 1131 1131 1148 ,
1148 1115 1251 1154 quam
1267 1115 1333 1139 vos
1345 1131 1358 1147 ,
1382 1099 1554 1151 intelligo.

249 1163 327 1203 His
355 1163 522 1211 auditis,
558 1170 741 1214 tanquam
768 1163 873 1202 venti
907 1160 1138 1212 posuissent,
1180 1162 1417 1200 concitatum
1453 1158 1553 1198 istud

251 1226 389 1278 populi
420 1239 592 1265 murmur
623 1228 839 1274 conticuit,
877 1224 1120 1275 consulisque
1155 1225 1279 1264 oratio
1313 1237 1395 1263 non
1431 1223 1553 1262 modo

255 1303 345 1330 cum
365 1290 512 1330 silentio
529 1323 540 1339 ,
575 1290 640 1329 sed
668 1293 786 1331 etiam
817 1302 908 1329 cum
935 1289 1220 1340 approbatione
1248 1288 1382 1328 audita
1405 1287 1468 1326 est.
1510 1287 1556 1326 In

254 1352 332 1392 hoc
361 1352 563 1391 consulatu
585 1353 792 1404 Serapionis
819 1353 852 1390 ei
882 1363 1101 1401 cognomen
1130 1350 1176 1389 ab
1209 1350 1392 1388 irridente
1419 1348 1556 1388 Curia-

257 1416 313 1454 tio
334 1415 579 1465 impolitum,
606 1414 788 1465 deinceps
813 1413 926 1452 haefit.
957 1414 1042 1452 Erat
1057 1414 1162 1451 enim
1179 1412 1376 1462 Serapioni
1402 1410 1559 1450 cuidam

258 1477 439 1516 viliffimo
466 1476 637 1525 homini,
668 1477 815 1527 quippe
839 1475 962 1514 suario
992 1474 1248 1526 negotiatori,
1273 1473 1383 1513 vultu
1414 1472 1558 1511 {imilli-

259 1552 372 1588 mus,
399 1552 488 1578 cum
517 1552 655 1590 genere
680 1538 961 1585 nobilissimos,
985 1538 1126 1577 virtute
1153 1538 1343 1588 optimos,
1371 1535 1560 1588 dignitate

261 1600 485 1645 clariffimos
509 1607 687 1650 equaret.

314 1663 380 1703 IV.
409 1663 499 1702 Non
524 1661 707 1700 omittam
730 1660 867 1699 referre
888 1659 1082 1710 judicium
1098 1659 1191 1698 credi
1182 1672 1235 1706 s,
1260 1657 1365 1708 quod
1385 1656 1444 1696 his
1467 1664 1563 1696 tem-

264 1725 426 1779 poribus
454 1727 583 1764 actum
602 1723 677 1772 est;
702 1735 792 1762 cum
820 1725 915 1762 tanti
941 1723 1017 1762 boc
1039 1722 1188 1761 senatus
1214 1720 1379 1769 fecisset,
1404 1727 1447 1759 ut
1471 1732 1563 1759 con-

265 1789 412 1830 sulibus
442 1788 705 1827 mandandum
735 1786 976 1825 existimaret.
1020 1785 1063 1825 In
1087 1786 1241 1825 Scantia
1262 1783 1351 1823 silva
1374 1782 1456 1820 noti
1479 1781 1570 1832 qui-'

269 1852 358 1891 dam
380 1850 557 1889 homines
578 1848 771 1886 interfec‘ti
793 1847 945 1885 fuerant
963 1859 973 1885 :
1001 1845 1367 1894 infimulabaturque
1390 1842 1562 1892 familia,

269 1913 426 1963 quidam
444 1912 560 1950 etiam
582 1909 717 1954 liberi,
736 1908 926 1946 societatis
949 1909 1030 1956 ejus
1044 1938 1055 1955 ,
1083 1921 1166 1958 quae
1188 1909 1386 1957 pecuarias
1409 1906 1456 1944 de
1477 1918 1566 1944 cen-

233 2019 236 2022 ,
268 1976 415 2016 foribus
447 1974 633 2025 proximis
664 1972 889 2011 redemerat.
930 1972 1075 2011 Contra
1100 1970 1172 2009 hos
1204 1982 1294 2008 cum
1329 1968 1568 2008 accusatores

271 2038 395 2078 auditi
426 2037 570 2084 essent,
605 2036 746 2075 deinde
781 2035 822 2074 C.
849 2033 985 2074 Ltelius
1020 2047 1090 2084 pro
1129 2031 1349 2084 publicanis
1389 2040 1568 2070 accurate

273 2100 449 2148 dixisset,
469 2099 649 2150 ampliata
666 2113 686 2137 a
707 2097 929 2137 consulibus
951 2110 1011 2141 res,
1027 2098 1091 2136 est.
1115 2094 1335 2146 paucosque
1357 2094 1440 2144 post
1463 2094 1566 2143 dies,

275 2176 367 2203 eum
394 2162 500 2201 idem
527 2160 678 2200 dixisset
708 2161 822 2199 etiam
846 2158 983 2198 melius
1005 2157 1291 2209 elegantiusque
1311 2188 1323 2204 ,
1344 2156 1476 2194 itidem
1493 2170 1572 2196 arn.

274 2226 452 2276 pliatum.
485 2223 543 2264 Ibi
572 2222 853 2262 deducentibus
870 2236 958 2261 eum
983 2221 1118 2269 sociis,
1146 2219 1433 2269 orantibusque,
1453 2235 1494 2258 ne
1512 2220 1571 2262 de,-

268 2287 506 2341 fiztigaretur,
543 2286 585 2326 C.
611 2285 772 2334 Laelius,
807 2293 850 2323 ut
878 2291 958 2323 erat
992 2282 1143 2323 eximiae
1177 2281 1404 2333 probitatis,
1436 2277 1572 2319 dixiss'e

329 2403 348 2444 Ε
373 2402 415 2436 ΙΙ.
441 2401 512 2434 Cic.
534 2401 572 2433 de
587 2402 651 2444 leq
674 2398 751 2432 Liv.
774 2397 864 2441 Epit.
887 2397 975 2434 Plin.
996 2408 1039 2442 7,
1058 2407 1115 2441 44.
1142 2398 1164 2443 §
1192 2397 1250 2432 ΠΙ.
1273 2397 1352 2437 Val.
1371 2394 1465 2429 Max.
1482 2404 1526 2438 3,
1551 2403 1575 2435 '7

287 2449 378 2492 δί9,
403 2458 455 2488 14.
478 2446 565 2480 i’lin.
584 2455 617 2488 7,
644 2455 684 2478 12
709 2444 743 2478 δε
766 2455 830 2486 21,
856 2453 889 2488 3
