1632 2641
246 165 343 210 402
412 150 497 197 JO.
535 150 1043 196 FRfflNSl-IEMH
1087 150 1445 200 SUPPLEM.

245 265 334 296 tum
356 257 610 307 defideraoet,
635 257 677 298 L.
698 255 809 298 Snuae
825 288 835 307 ,
859 257 922 308 qui
949 266 1089 308 praetor
1116 256 1313 309 superiore
1340 272 1439 298 anno
1463 258 1544 298 fue-

243 331 330 370 rat,
367 320 504 360 Cilicia
541 321 742 372 provincia
780 321 1024 370 decernitur,
1062 321 1227 361 finitima
1256 322 1543 373 Cappadociae:

243 397 327 422 non
355 392 509 423 tantum
535 391 578 423 ut
608 396 694 423 eam
728 383 826 422 inter
852 385 959 434 regni
987 385 1130 436 Syriaci
1165 386 1384 436 praecipites
1411 385 1544 434 casus,

244 450 344 496 'quos
372 453 546 485 extremo
570 444 647 485 hoc
669 445 769 485 libro
795 458 1064 499 exponemus,
1090 447 1239 498 populo
1268 438 1446 487 Romano
1473 447 1544 486 ser-

235 515 382 555 varet3
420 506 486 546 sed
517 507 634 547 etiam
674 516 714 546 ut
743 506 921 547 adversus
951 508 1160 558 Tigranem
1195 508 1542 559 Mithridatemque

243 583 356 621 reges
374 583 423 609 ex
451 572 675 621 propinquo
702 574 737 610 ἃ
754 571 956 621 providere
971 601 982 621 ,
1010 584 1092 622 quae
1114 584 1160 610 ex
1180 571 1377 623 republica
1402 570 1543 622 efferit,

250 633 289 672 ἃ
313 631 442 670 conari
470 631 624 676 facilius
649 631 782 682 posset.
1134 684 1137 685 ⁷

304 701 346 741 L.
375 701 435 750 Is,
462 702 618 741 modica
648 701 778 740 secum
814 701 982 742 adducta
1007 701 1177 741 militum
1210 715 1349 752 manu,
1375 711 1547 742 ceterum

245 763 444 804 sociorum
471 763 626 803 auxiliis
651 763 888 812 instruc‘uor,
920 764 1109 804 Gordium
1131 777 1219 804 cum
1243 765 1544 816 Cappadocibus

247 833 546 873 occurrentem,
581 822 711 865 multis
740 825 906 865 hostium
943 827 1179 872 interfectis,
1211 826 1412 877 profligat:
1451 840 1547 868 mox

246 889 478 937 Armenios,
510 887 705 939 suppetias
728 888 784 928 illi
814 889 1035 938 venientes,
1061 890 1198 939 majori
1224 901 1314 928 cum
1342 889 1460 938 strage
1487 901 1550 928 ex-

247 950 362 1002 pellit
387 963 528 1001 regno:
554 950 835 999 reductumque
851 952 1173 995 Ariobarzanem,
1191 952 1349 990 nemine
1374 951 1472 989 ultra
1492 963 1549 988 re-

240 1012 376 1052 'sistere
396 1011 509 1060 auso,
530 1024 660 1062 regem
680 1010 864 1062 appellat.
886 1011 987 1051 Cum
1001 1009 1142 1049 deinde
1157 1009 1394 1059 provinciam
1412 1010 1549 1049 obiens

249 1074 354 1112 circa
385 1072 626 1124 Euphratem
653 1082 806 1124 ageret,
834 1079 1023 1112 venerunt
1044 1072 1092 1110 ad
1119 1084 1208 1110 eum
1231 1070 1279 1109 ab
1303 1070 1438 1110 Arsace
1464 1066 1550 1111 Par-

247 1135 411 1175 thorum
441 1149 529 1187 rege
565 1135 714 1186 legati,
737 1134 946 1174 amicitiam
982 1132 1118 1184 populi
1153 1133 1321 1186 Romani
1357 1132 1549 1182 petitum:

248 1212 380 1249 neque
401 1211 566 1249 parvum
590 1198 630 1237 id
658 1196 825 1243 Sullanae
848 1196 1046 1235 felicitatis
1067 1206 1342 1246 argumentum
1367 1203 1551 1245 putatur,

252 1261 359 1311 quod
390 1274 412 1299 a
441 1273 575 1310 regum
606 1257 924 1309 opulentissimo,
950 1258 1016 1308 qui
1042 1257 1154 1307 primi
1179 1256 1277 1296 miffi
1298 1256 1412 1307 legati
1437 1256 1548 1304 sunt,

252 1335 320 1362 eos
346 1322 394 1362 ad
426 1321 531 1360 hune
561 1321 802 1373 potiffimum
833 1321 988 1367 fortuna
1015 1320 1189 1360 deduxit.
1227 1319 1274 1359 Et
1299 1321 1459 1370 agnovit
1486 1319 1551 1359 de-

251 1384 430 1424 stinatam
457 1382 525 1422 fibi
556 1383 862 1434 magnitudinem
892 1378 1023 1431 Sulla,
1045 1381 1249 1433 politisque
1277 1381 1399 1420 tribus
1421 1380 1548 1431 sellis,

252 1446 354 1485 inter
369 1445 669 1485 Ariobarzanem
699 1459 830 1498 regem
853 1447 889 1485 <Sc
912 1444 1138 1489 Orobazum
1164 1444 1234 1497 (id
1252 1442 1380 1514 legato
1405 1457 1550 1483 nomen

253 1509 367 1563 erat)
397 1509 549 1547 medius
574 1507 719 1548 assedit.
756 1509 861 1558 quod
897 1507 1000 1546 varie
1023 1506 1132 1546 laudi
1167 1513 1233 1546 aut
1259 1506 1408 1545 crimini
1437 1506 1551 1547 Sullae

255 1572 412 1619 datum3
445 1571 626 1613 Orobazo
651 1570 819 1621 capitale
842 1569 951 1609 fuisse
974 1568 1163 1618 traditur,
1193 1568 1398 1619 majestatis
1423 1568 1552 1609 immi-

252 1641 358 1673 nutae
387 1631 604 1672 vindictam
639 1631 802 1672 severius
829 1632 1010 1671 exsecuto
1040 1643 1142 1682 rege.

241 1737 244 1741 .
308 1702 373 1744 LI.
395 1702 564 1751 Ferunt,
580 1691 879 1762 Chalcidensem
904 1703 1099 1754 quendam
1125 1716 1171 1742 ex
1192 1699 1369 1742 Parthico
1390 1703 1550 1743 comita-

249 1771 294 1804 tu
311 1795 323 1813 ,
350 1765 417 1815 qui
444 1763 482 1803 se
506 1773 683 1804 naturam
708 1755 893 1816 cujusque
915 1779 967 1805 ex
988 1766 1113 1805 forma
1146 1763 1362 1815 perspicere
1392 1764 1551 1815 profite-

250 1827 392 1876 batur,
419 1825 659 1868 confiderato
688 1826 802 1868 Sullae
827 1827 963 1877 vultu,
986 1829 1184 1878 animique
1211 1829 1246 1867 δι
1270 1827 1441 1877 corporis
1468 1841 1551 1867 mo-

249 1890 380 1939 tibus,
407 1889 571 1942 neceffitm
592 1889 654 1943 effe
685 1891 946 1941 pronuntiasse
962 1922 973 1940 ,
1000 1903 1039 1930 ut
1060 1891 1118 1929 vir
1137 1890 1226 1929 talis
1250 1890 1401 1928 omnium
1418 1894 1552 1930 evadat

253 1955 458 1994 maximus.-
483 1954 636 2005 adeoque
662 1955 704 2007 [ὲ
738 1954 883 2004 mirari,
915 1956 1011 2008 quod
1038 1955 1224 1993 etiamnum
1246 1954 1316 2004 fibi
1346 1967 1548 2006 quemquam

252 2017 417 2070 (equalem
443 2015 506 2068 effe
520 2029 707 2069 pateretur.
746 2017 823 2057 Sed
850 2017 933 2057 haec
958 2017 1116 2068 quidem
1137 2017 1229 2056 foris
1250 2011 1550 2068 magnifica²po-

252 2079 348 2131 pulo
370 2079 571 2126 Romano,
593 2079 776 2129 pudenda
798 2080 909 2119 dorni
931 2079 1166 2128 judiciorum
1191 2076 1439 2129 publicorum
1466 2092 1551 2120 cor.

251 2141 381 2192 ruptio
401 2138 667 2188 deformabat,
692 2152 775 2190 quae
802 2138 980 2180 adversus
1004 2138 1220 2190 pestilentes
1237 2139 1337 2179 cives
1361 2141 1549 2190 instituta,

250 2208 332 2255 jam
361 2205 400 2242 in
424 2203 635 2254 perniciem
669 2203 860 2242 bonorum
886 2202 1142 2242 vertebantur.
1175 2202 1214 2242 P.
1238 2202 1430 2251 Rutilius,
1454 2215 1549 2258 cum

252 2266 493 2307 confessione
519 2267 695 2306 omnium
711 2266 914 2318 probitatis
938 2274 1053 2318 atque
1076 2267 1306 2308 innocentiae
1322 2268 1547 2320 exemplum

302 2406 324 2450 ἓ
351 2406 472 2439 XLIX.
512 2406 628 2439 Instin.
654 2406 715 2450 38,
744 2415 774 2449 3.
812 2406 960 2452 Appian.
981 2407 1137 2440 Mithrid.
1162 2407 1251 2441 Plut.
1275 2408 1310 2442 in
1334 2409 1417 2446 Sull.
1444 2418 1474 2444 c.
1507 2418 1543 2452 7·

257 2460 387 2495 Auaor
406 2461 447 2495 de
473 2461 551 2498 Vir.
576 2461 624 2493 ill.
647 2470 676 2494 c.
699 2470 754 2502 75.
778 2460 855 2494 Liv.
882 2460 975 2505 Epit.
1001 2461 1125 2506 Vellej.
1151 2471 1194 2504 2,
1210 2471 1266 2504 ²4·
