1632 2641
233 116 290 157 ¹4
356 99 446 144 JO.
484 94 1013 143 FREINSHEMII
1053 97 1418 148 SUPPLEM.

281 204 429 244 XXVI.
456 203 542 242 Erat
561 201 722 240 omnino
744 201 874 241 cursus
900 201 966 241 ille
991 209 1235 253 temporum,
1252 218 1327 254 quo
1345 207 1438 245 nihil
1464 220 1513 248 ex

227 267 413 317 Hispania
444 265 528 304 satis
557 275 705 315 gratum
732 266 926 305 accideret
954 267 1110 306 civitati.
1139 280 1261 318 neque
1294 268 1435 309 bellum
1466 285 1514 311 ex

229 328 439 366 commodo
472 327 692 377 reipublicae
724 336 832 375 erat,
864 340 988 377 neque
1017 341 1090 377 pax
1122 341 1166 367 ex
1196 330 1404 379 dignitate:
1433 334 1515 380 jam.

229 389 343 428 ctiam
366 388 531 427 victoriae
562 388 673 438 ipfius
698 387 875 427 taedebat.
915 389 1032 428 Auxit
1054 390 1358 441 indignationem
1386 392 1514 432 homi-

228 464 321 490 num
348 453 395 491 de
411 452 458 501 Q.
475 451 661 500 Pompejo
686 449 835 501 sequior
864 451 990 499 fama,
1017 452 1107 502 qui,
1135 454 1396 493 Lancienfium
1419 455 1514 494 urbe

230 515 370 562 diruta,
388 516 525 553 iterum
544 515 794 555 Numantiam
812 513 966 563 assedit,
984 517 1018 554 ἃ
1033 524 1179 557 temere
1193 517 1407 569 susceptum
1424 531 1516 558 con-

228 574 350 614 silium
370 576 418 615 de
434 576 549 615 fluvio
564 606 574 624 ,
600 578 663 626 qui
685 577 969 616 Numantinum
989 590 1122 627 agrum
1149 580 1245 630 rigat
1261 611 1272 629 ,
1294 581 1332 619 in
1358 580 1514 620 meffem

229 650 361 678 eorum
393 639 669 685 immittendo,
691 651 766 688 quo
798 639 900 678 fame
928 640 1076 680 domari
1099 642 1231 682 civitas
1260 644 1404 693 posset,
1430 644 1513 694 post

228 701 415 740 maximas
449 701 690 741 difficultates
723 702 914 753 postremo
943 703 1100 754 quidem
1127 706 1324 745 exsecutus
1350 707 1425 756 est,
1447 706 1514 745 sed

226 764 335 803 nullo
352 778 476 816 neque
491 765 556 804 suo
579 766 803 815 commodo,
818 779 942 816 neque
958 765 1120 806 hostium
1140 768 1394 809 detrimento:
1422 782 1513 810 cum

228 828 308 879 ipse
334 830 486 868 interim
512 828 643 869 crebra
661 832 696 869 Sc
711 829 850 868 acerba
872 837 1073 880 pateretur.
1107 831 1265 882 Quippe
1279 833 1513 872 vNumantini

229 889 416 930 militibus
444 890 485 928 in
510 903 625 941 opere
648 892 849 941 occupatis
874 890 970 941 saepe
990 891 1026 929 se
1050 891 1285 940 inferebant,
1303 894 1420 932 tacito
1447 907 1513 945 ag-

229 954 358 1001 mine,
384 966 459 1003 quo
492 953 765 1004 necopinantes
790 953 995 1004 impensius
1020 953 1215 993 turbarent
1237 968 1245 994 ;
1281 955 1513 1006 exibantque

228 1024 307 1055 tam
334 1015 467 1056 validae
493 1016 540 1055 ab
563 1018 706 1068 oppido
734 1030 892 1065 manus,
920 1025 963 1055 ut
993 1017 1106 1056 etiam
1132 1018 1196 1067 qui
1227 1031 1247 1056 a
1277 1019 1401 1057 castris
1428 1020 1512 1058 Ro-

228 1080 352 1118 manis
386 1078 610 1118 auxiliatum
638 1079 710 1118 suis
734 1089 940 1128 venerant,
971 1079 1257 1130 repellerentur.
1293 1081 1396 1131 quod
1422 1094 1511 1121 cum

226 1142 360 1192 saepius
386 1143 599 1188 accidisset,
621 1144 683 1182 vii<
706 1144 903 1194 quisquam
930 1144 1180 1182 munimentis
1208 1144 1374 1183 audebat
1399 1156 1513 1183 exce-

229 1204 330 1242 dere.
360 1213 539 1253 praeterea
564 1204 884 1244 frumentationes
918 1205 1134 1245 efficiebant
1156 1206 1318 1256 periculi
1343 1205 1473 1256 plenas
1498 1221 1510 1255 3

226 1264 420 1315 multique
448 1279 514 1315 per
537 1279 620 1305 eam
643 1266 793 1306 causam
822 1267 947 1306 castris
975 1266 1128 1318 egreffi,
1152 1280 1241 1306 cum
1267 1267 1421 1307 tribuno
1443 1269 1512 1306 mi-

225 1326 342 1366 litum
375 1329 531 1379 Oppio,
554 1329 640 1368 sunt
665 1329 712 1368 ab
746 1329 852 1367 hoste
882 1329 1083 1368 interfecti.
1115 1330 1329 1380 iterumque
1359 1330 1433 1369 alia
1463 1330 1511 1369 ab

225 1398 352 1437 parte,
370 1403 527 1438 eorum,
543 1391 606 1440 qui
623 1390 758 1429 fossam
782 1390 998 1437 ducebant,
1016 1389 1142 1429 subito
1168 1390 1333 1429 hostium
1357 1390 1509 1429 incursu

227 1452 525 1502 quadringenti,
555 1462 667 1503 atque
690 1455 789 1493 inter
810 1453 881 1492 hos
910 1454 1110 1504 praefectus
1127 1484 1137 1501 ,
1161 1453 1337 1504 oppreffi.

282 1515 446 1554 XXVII.
471 1515 571 1553 Dum
594 1515 659 1554 ista
685 1516 853 1553 maxime
877 1524 1086 1565 geruntur,
1106 1515 1312 1554 adfuerunt
1337 1528 1357 1554 a
1377 1514 1510 1553 senatu

229 1574 387 1621 delecffi,
411 1587 499 1613 cum
516 1576 685 1614 exercitu
712 1576 905 1623 tironum,
928 1584 993 1625 ut,
1016 1590 1099 1626 quae
1116 1577 1262 1616 sextum
1276 1579 1354 1627 jam
1367 1589 1510 1616 annum

226 1635 296 1674 sub
312 1636 424 1686 {ignis
441 1637 606 1685 fuerant,
625 1637 795 1688 legiones
812 1639 1101 1678 deducerentur.
1122 1638 1279 1689 Consul,
1293 1651 1511 1689 quanquam

227 1711 329 1736 novo
355 1698 465 1736 militi
487 1698 679 1742 confidere
695 1699 853 1737 minime
870 1708 1040 1749 poterat,
1061 1708 1190 1739 tamen
1207 1699 1379 1740 eluendae
1402 1700 1511 1750 igno-

226 1760 352 1799 miniae
383 1762 570 1810 cupidus,
596 1761 704 1800 simul
733 1769 774 1800 ut
794 1762 842 1800 ad
867 1761 1018 1801 labores
1042 1763 1133 1802 belli
1158 1765 1367 1802 exercitum
1391 1763 1510 1802 dura·

226 1832 283 1860 ret
299 1852 308 1870 ,
328 1821 496 1861 hiemem
523 1822 592 1861 sub
621 1823 792 1861 tentoriis
815 1836 926 1873 agere
950 1825 1123 1863 instituit.
1155 1826 1213 1865 Ibi
1228 1839 1294 1876 per
1309 1826 1428 1875 frigus
1451 1825 1511 1863 hi-

226 1882 412 1933 bernum,
441 1895 529 1921 cum
559 1897 693 1933 parum
723 1884 865 1922 all'ueta
898 1885 971 1924 illis
1004 1887 1109 1936 aquis
1143 1887 1321 1937 coeloque
1348 1899 1508 1938 corpora

226 1943 294 1981 sub
318 1945 380 1982 dio
406 1954 581 1995 agerent,
608 1945 744 1983 morbo
769 1954 915 1985 tentata
942 1947 1030 1986 sunt
1054 1948 1192 1996 castra,
1221 1951 1256 1988 <Sc
1272 1961 1357 1998 pars
1382 1948 1508 1998 aliqua

228 2006 392 2044 militum
418 2007 559 2044 ventris
593 2007 821 2046 torminibus
857 2009 1012 2061 interiit.
1048 2011 1176 2059 Major
1206 2023 1296 2049 mox
1323 2009 1370 2048 ab
1402 2010 1508 2048 hoste

226 2069 355 2108 clades
384 2069 481 2116 fuit,
513 2082 708 2119 nunquam
742 2069 919 2120 segnibus
950 2073 998 2111 ad
1025 2073 1218 2113 struendas
1244 2063 1394 2112 infidias
1426 2075 1509 2113 Nu-

227 2133 422 2171 mantinis,
460 2132 679 2179 Noverant,
706 2132 754 2170 ad
787 2131 1085 2172 convehendum
1117 2135 1156 2173 in
1184 2134 1298 2173 castra
1326 2135 1506 2173 frumen-

227 2201 311 2231 tum
340 2192 477 2232 multas
515 2192 691 2231 cohortes
726 2192 892 2231 exivisse.
934 2193 1050 2243 igitur
1074 2208 1153 2234 non
1188 2194 1303 2245 longe
1334 2209 1355 2234 a
1382 2195 1507 2234 castris

228 2266 343 2292 manu
379 2253 504 2291 valida
542 2253 759 2301 occultata,
789 2254 946 2303 quidam
981 2257 1137 2306 propius
1171 2256 1374 2307 suggreffi,
1406 2255 1505 2295 veli-

229 2316 297 2354 tari
329 2327 418 2354 cum
440 2314 661 2354 stationibus
685 2327 864 2365 coepere:
902 2316 1026 2356 donec
1052 2318 1213 2359 Romani
1228 2350 1240 2368 ‚
1256 2317 1420 2357 hostium
1443 2318 1505 2357 in-

271 2419 294 2462 §
313 2418 435 2455 XXVI.
453 2418 595 2453 Diodoae,
608 2430 661 2462 ap.
676 2417 790 2455 Vales.
808 2417 957 2463 Appiam
