1632 2641
224 146 291 207 ‘92
366 145 459 193 JO.
509 143 1026 193 FREINSHEMII
1061 144 1422 193 SUPPLEM.

226 250 395 291 ferendis
423 250 610 302 suffragiis
635 263 725 289 cum
752 251 854 290 vinci
876 257 1022 301 partem
1045 251 1150 290 suam
1170 250 1363 291 Gracchus
1390 251 1519 290 anima

227 315 445 354 adverteret
472 313 623 368 (plebis
651 315 755 352 enim
790 327 926 364 magna
954 313 1106 363 portio,
1144 315 1291 352 intenta
1324 313 1427 362 operi
1455 325 1519 350 ru-

224 374 321 413 stico
336 375 509 426 ,aberat)
533 384 751 413 commotus
773 375 826 413 ira
841 388 886 412 ac
910 384 1035 423 metu,
1059 375 1194 425 jurgiis
1218 374 1415 413 adversum
1437 373 1519 413 col-

225 434 329 486 legas
346 466 357 484 .,
386 438 447 488 qui
467 438 643 474 commoda
663 435 800 488 plebis,
825 437 891 488 ipfi
911 437 1061 474 divitum
1080 437 1279 489 puellum,
1292 437 1353 489 sui
1376 437 1519 488 quaestus

223 498 333 550 caufiz
354 500 564 550 proderent,
582 506 736 549 tempus
766 498 956 546 eximere,
981 498 1121 536 deinde
1155 500 1349 537 dimittere
1373 498 1517 546 tribus,

227 569 454 610 cogeretur,
485 562 642 607 edicto,
677 573 716 599 ut
741 562 904 614 postridie
931 562 1062 599 vellent
1090 560 1209 612 adesse.
1246 561 1348 600 Tum
1378 559 1519 611 digres-

224 619 285 660 sus
314 634 334 660 a
357 622 506 670 rostris,
541 626 576 661 Sc
601 634 668 672 per
690 622 818 660 forum
846 621 1131 669 obambulans,
1154 621 1319 672 supplici
1345 634 1440 661 voce
1465 620 1518 659 la·

220 682 426 732 crimisque
458 683 702 722 manantibus
730 682 879 734 populo
904 682 942 721 se
974 683 1287 730 commendavit3
1319 681 1515 732 periculo,

222 746 329 794 quod
353 744 454 785 illius
479 745 710 785 utilitatibus
737 746 936 784 serviendo
963 744 1157 792 subiisset,
1188 745 1364 796 gravibus
1390 745 1515 784 verbis

222 814 469 855 exaggerato.
506 805 645 855 quibus
672 806 725 844 ita
757 806 950 856 permovit
978 805 1183 854 homines,
1210 814 1277 853 ut,
1307 816 1396 843 cum
1416 805 1515 844 inter

221 866 297 907 alia
334 867 434 907 forte
459 869 631 918 jecisset,
659 870 730 921 fibi
755 871 800 907 ab
829 870 964 920 infidiis
994 869 1215 907 inimicorum
1242 883 1283 905 ne
1319 868 1410 906 domi
1440 867 1519 919 qui-

223 932 299 968 dem
322 931 398 983 fitae
423 933 583 985 securam
609 935 735 969 noblem
759 931 863 984 fore,
903 944 1045 982 magna
1084 943 1173 982 pars
1203 929 1329 981 plebis
1369 930 1518 969 circum

223 993 327 1032 fores
355 994 438 1040 ejus
467 993 646 1031 custodiae
676 992 789 1031 causa
814 994 1068 1044 pernoctaret.

277 1054 434 1093 XLVII.
459 1054 533 1095 Ubi
558 1055 639 1093 dies
661 1053 810 1100 adfuit,
835 1053 1025 1104 postrema
1048 1053 1132 1092 vitae
1153 1054 1235 1103 ejus
1260 1053 1413 1101 futura⁷
1435 1065 1515 1092 non

222 1118 303 1164 jam
338 1115 608 1165 magnitudine
643 1114 763 1153 modo
796 1113 961 1163 suscepti
996 1113 1169 1164 negotii,
1204 1116 1239 1153 &
1274 1113 1516 1153 imminentis

224 1177 445 1216 certaminis
465 1175 689 1216 obversante
710 1175 837 1225 specie
864 1175 1005 1214 tardior
1020 1205 1031 1223 ‚
1061 1174 1126 1213 sed
1154 1176 1271 1214 etiam
1302 1175 1487 1226 prodigiis
1502 1203 1516 1222 ‚

224 1253 310 1290 quae
338 1239 494 1279 adversa
529 1239 651 1278 multa
677 1247 908 1286 evenerant,
930 1238 1128 1286 turbatus,
1156 1239 1248 1288 quid
1282 1239 1518 1289 capiendum

222 1301 370 1341 consilii
399 1301 527 1349 foret,
551 1299 819 1340 addubitabat.
857 1300 956 1339 Cum
984 1299 1088 1338 enim
1112 1299 1281 1350 auspicia
1310 1300 1432 1349 prima
1458 1298 1514 1336 lu-

222 1377 268 1402 ce
300 1370 470 1413 peteret,
493 1375 617 1413 neque
646 1361 743 1413 pulli
773 1361 824 1400 ad
848 1361 998 1411 pastum
1025 1361 1179 1412 prodire
1201 1359 1400 1399 voluerant
1413 1390 1430 1408 ³,
1450 1372 1516 1397 ne-

225 1437 300 1475 que
315 1437 438 1473 unus,
462 1423 528 1474 qui
552 1423 771 1474 prodierat,
786 1421 913 1473 pasci,
938 1421 1002 1462 sed
1026 1421 1083 1461 aia
1107 1422 1244 1461 sinistra
1267 1420 1437 1468 sublata,
1455 1432 1518 1458 ex-

222 1486 410 1537 tensoque
438 1487 536 1537 pede
562 1485 686 1525 rursus
713 1485 753 1524 in
772 1498 928 1524 caveam
953 1485 1156 1535 refugerat.
1195 1485 1259 1524 Sic
1285 1483 1389 1523 aliud
1419 1496 1513 1534 quo-

221 1563 297 1599 que
312 1549 531 1588 recordatus
550 1561 687 1597 omen,
713 1561 759 1587 eo
783 1547 990 1598 impenfius
1016 1547 1231 1586 cohorruit.
1257 1547 1400 1597 quippe
1422 1557 1515 1584 cum

220 1609 381 1649 haberet
416 1608 588 1660 galeam,
614 1621 689 1659 qua
720 1608 869 1648 solebat
894 1609 933 1646 in
960 1607 1108 1659 proeliis
1133 1609 1212 1655 uti,
1236 1607 1374 1646 eximie
1409 1619 1514 1644 com-

221 1680 301 1712 tam
338 1680 612 1722 ornatamque,
643 1671 683 1710 in
720 1684 805 1710 eam
840 1671 939 1709 clam
969 1671 1150 1709 omnibus
1182 1669 1407 1720 irrepserant
1439 1681 1516 1707 an-

223 1748 342 1786 gues,
378 1734 509 1785 ibique
543 1733 748 1784 posuerant
785 1736 822 1774 &
858 1733 1096 1773 excluserant
1127 1746 1224 1773 ova:
1262 1733 1304 1772 id
1333 1741 1515 1782 tanquam

220 1795 338 1836 fatale
363 1795 435 1835 suae
456 1795 610 1835 familiae
630 1795 851 1847 prodigium
877 1796 1032 1842 timuit3
1061 1807 1150 1832 cum
1175 1796 1210 1833 ἅ
1229 1793 1402 1833 Graccho
1419 1823 1429 1842 ,
1447 1793 1513 1842 qui

222 1859 263 1899 in
291 1859 453 1900 Lucanis
475 1859 699 1898 interfectus
720 1859 772 1897 est
789 1890 800 1906 ,
826 1860 862 1898 ὃ(
891 1857 989 1908 patri
1015 1856 1084 1895 suo
1108 1856 1265 1896 Tiberio
1283 1885 1294 1905 ‚
1315 1855 1417 1907 paria
1444 1855 1516 1894 ser-

220 1930 382 1977 pentum
406 1935 523 1962 omen
546 1921 720 1960 interitus
742 1920 928 1960 fecissent.

278 1984 454 2027 XLVIII.
490 1985 593 2034 Quia
617 1996 744 2022 tamen
778 1984 816 2021 in
842 1981 1015 2037 Capitolio
1036 1980 1113 2033 jam
1136 1978 1327 2030 conveniffi
1346 1977 1516 2030 populum

223 2048 440 2087 nuntiatum
472 2054 576 2093 erat,
606 2046 712 2097 spem
737 2045 893 2084 suorum
928 2043 1091 2095 prodere
1115 2055 1192 2080 non
1216 2041 1420 2087 sustinens,
1447 2039 1515 2078 do-

223 2122 290 2150 mo
320 2109 512 2160 profectus
545 2110 607 2147 est.
653 2109 713 2148 lbi
750 2122 838 2147 eum
867 2107 939 2147 alia
966 2114 1199 2156 exceperunt
1226 2111 1514 2152 terrueruntque

221 2180 412 2227 portenta.
452 2184 541 2211 narn
565 2171 605 2209 in
625 2171 707 2222 ipso
732 2172 855 2210 statim
881 2168 1026 2221 egressu
1059 2167 1244 2206 sinistrum
1271 2167 1412 2216 pedem
1432 2173 1516 2202 tan-

222 2243 262 2274 ta
286 2234 322 2273 vi
347 2234 511 2285 impegit
532 2232 684 2282 limini,
703 2242 745 2272 ut
760 2264 771 2282 ‚
796 2232 950 2283 pollicis
971 2242 1100 2280 ungue
1122 2228 1312 2279 perfracto
1327 2258 1337 2276 ‚
1362 2226 1514 2276 sanguis

223 2308 293 2347 per
321 2294 496 2334 calceum
531 2295 726 2334 emicaret.
758 2296 896 2344 Neque
921 2292 1038 2343 longe
1064 2289 1322 2342 processerat,
1355 2301 1445 2328 cum
1473 2288 1514 2326 in

273 2419 297 2461 ,Ε
316 2418 437 2453 XLVI.
457 2421 546 2454 flor.
567 2431 584 2462 3
598 2447 608 2464 ‚
630 2431 665 2463 4.
682 2420 773 2456 Plut-
792 2419 940 2467 Appian.
971 2419 995 2465 ἕ
1018 2417 1154 2455 XLVII.
1174 2417 1253 2454 Val.
1275 2415 1370 2450 Max.
1396 2426 1432 2459 1,
1465 2415 1513 2457 61,

227 2461 263 2496 δε
282 2474 326 2506 4,
343 2476 362 2498 2
384 2465 418 2500 δε
435 2465 468 2501 6.
489 2465 581 2502 Plut-
