<?xml version="1.0" encoding="UTF-8"?>
<!DOCTYPE html PUBLIC "-//W3C//DTD XHTML 1.0 Transitional//EN"
    "http://www.w3.org/TR/xhtml1/DTD/xhtml1-transitional.dtd">
<html xmlns="http://www.w3.org/1999/xhtml" xml:lang="en" lang="en">
 <head>
  <title>
</title>
<meta http-equiv="Content-Type" content="text/html;charset=utf-8" />
  <meta name='ocr-system' content='tesseract 3.04.00' />
  <meta name='ocr-capabilities' content='ocr_page ocr_carea ocr_par ocr_line ocrx_word'/>
</head>
<body>
  <div class='ocr_page' id='page_1' title='image "./historiarumlibri08livyuoft_0070.png"; bbox 0 0 1632 2641; ppageno 0'>
   <div class='ocr_carea' id='block_1_1' title="bbox 234 119 1421 171">
    <p class='ocr_par' dir='ltr' id='par_1_1' title="bbox 234 119 1421 171">
     <span class='ocr_line' id='line_1_1' title="bbox 234 119 1421 171; baseline 0.002 -3"><span class='ocrx_word' id='word_1_1' title='bbox 234 124 295 170; x_wconf 74' lang='lat'><strong>60</strong></span> <span class='ocrx_word' id='word_1_2' title='bbox 406 124 497 171; x_wconf 87' lang='lat' dir='ltr'><strong>JO.</strong></span> <span class='ocrx_word' id='word_1_3' title='bbox 538 122 1029 168; x_wconf 79' lang='lat' dir='ltr'><strong>FREINSHEMII</strong></span> <span class='ocrx_word' id='word_1_4' title='bbox 1066 119 1421 170; x_wconf 83' lang='lat' dir='ltr'>SUPPLEM.</span> 
     </span>
    </p>
   </div>
   <div class='ocr_carea' id='block_1_2' title="bbox 232 227 1556 2383">
    <p class='ocr_par' dir='ltr' id='par_1_2' title="bbox 234 227 1556 837">
     <span class='ocr_line' id='line_1_2' title="bbox 236 227 1519 280; baseline 0 -12"><span class='ocrx_word' id='word_1_5' title='bbox 236 232 288 268; x_wconf 76' lang='lat' dir='ltr'><strong>ris</strong></span> <span class='ocrx_word' id='word_1_6' title='bbox 307 230 551 269; x_wconf 78' lang='lat' dir='ltr'><strong>instrumenta</strong></span> <span class='ocrx_word' id='word_1_7' title='bbox 572 227 853 279; x_wconf 82' lang='lat' dir='ltr'>confringeret,</span> <span class='ocrx_word' id='word_1_8' title='bbox 878 229 1148 279; x_wconf 77' lang='lat' dir='ltr'><strong>abjiceretque.</strong></span> <span class='ocrx_word' id='word_1_9' title='bbox 1177 229 1407 268; x_wconf 84' lang='lat' dir='ltr'><strong>Stativorum</strong></span> <span class='ocrx_word' id='word_1_10' title='bbox 1431 242 1519 280; x_wconf 81' lang='lat' dir='ltr'><strong>por-</strong></span> 
     </span>
     <span class='ocr_line' id='line_1_3' title="bbox 240 291 1517 343; baseline 0.002 -13"><span class='ocrx_word' id='word_1_11' title='bbox 240 305 281 330; x_wconf 90' lang='lat' dir='ltr'><strong>ro</strong></span> <span class='ocrx_word' id='word_1_12' title='bbox 310 292 581 342; x_wconf 83' lang='lat' dir='ltr'><strong>ponendorum</strong></span> <span class='ocrx_word' id='word_1_13' title='bbox 602 291 665 328; x_wconf 87' lang='lat' dir='ltr'><strong>hic</strong></span> <span class='ocrx_word' id='word_1_14' title='bbox 688 300 767 330; x_wconf 88' lang='lat' dir='ltr'><strong>erat</strong></span> <span class='ocrx_word' id='word_1_15' title='bbox 790 292 898 330; x_wconf 85' lang='lat' dir='ltr'><strong>ordo.</strong></span> <span class='ocrx_word' id='word_1_16' title='bbox 925 300 966 330; x_wconf 88' lang='lat' dir='ltr'><strong>ut</strong></span> <span class='ocrx_word' id='word_1_17' title='bbox 990 293 1130 342; x_wconf 86' lang='lat' dir='ltr'><strong>quique</strong></span> <span class='ocrx_word' id='word_1_18' title='bbox 1154 293 1251 330; x_wconf 88' lang='lat' dir='ltr'><strong>inter</strong></span> <span class='ocrx_word' id='word_1_19' title='bbox 1274 293 1517 343; x_wconf 83' lang='lat' dir='ltr'><strong>proficiscen-</strong></span> 
     </span>
     <span class='ocr_line' id='line_1_4' title="bbox 239 343 1517 403; baseline -0.001 -10"><span class='ocrx_word' id='word_1_20' title='bbox 239 355 332 393; x_wconf 84' lang='lat' dir='ltr'><strong>dum</strong></span> <span class='ocrx_word' id='word_1_21' title='bbox 347 355 385 392; x_wconf 89' lang='lat' dir='ltr'><strong>in</strong></span> <span class='ocrx_word' id='word_1_22' title='bbox 412 353 536 403; x_wconf 81' lang='lat' dir='ltr'><strong>primo</strong></span> <span class='ocrx_word' id='word_1_23' title='bbox 560 353 710 402; x_wconf 77' lang='lat' dir='ltr'><strong>agmine</strong></span> <span class='ocrx_word' id='word_1_24' title='bbox 731 343 906 400; x_wconf 76' lang='lat' dir='ltr'><strong>fuerant,</strong></span> <span class='ocrx_word' id='word_1_25' title='bbox 934 354 986 391; x_wconf 84' lang='lat' dir='ltr'><strong>ita</strong></span> <span class='ocrx_word' id='word_1_26' title='bbox 1011 352 1161 400; x_wconf 85' lang='lat' dir='ltr'><strong>locum,</strong></span> <span class='ocrx_word' id='word_1_27' title='bbox 1181 352 1245 391; x_wconf 89' lang='lat' dir='ltr'><strong>ubi</strong></span> <span class='ocrx_word' id='word_1_28' title='bbox 1273 354 1389 392; x_wconf 84' lang='lat' dir='ltr'><strong>castra</strong></span> <span class='ocrx_word' id='word_1_29' title='bbox 1412 361 1517 392; x_wconf 84' lang='lat' dir='ltr'><strong>erant</strong></span> 
     </span>
     <span class='ocr_line' id='line_1_5' title="bbox 234 410 1556 466; baseline 0 -12"><span class='ocrx_word' id='word_1_30' title='bbox 234 416 441 466; x_wconf 82' lang='lat' dir='ltr'><strong>ponenda,</strong></span> <span class='ocrx_word' id='word_1_31' title='bbox 483 410 864 465; x_wconf 55' lang='lat' dir='ltr'><strong>arinati&#39;cingebant.</strong></span> <span class='ocrx_word' id='word_1_32' title='bbox 904 415 1047 453; x_wconf 86' lang='lat' dir='ltr'><strong>circum</strong></span> <span class='ocrx_word' id='word_1_33' title='bbox 1084 414 1154 453; x_wconf 83' lang='lat' dir='ltr'><strong>hos</strong></span> <span class='ocrx_word' id='word_1_34' title='bbox 1184 414 1325 454; x_wconf 77' lang='lat' dir='ltr'>laxiore</span> <span class='ocrx_word' id='word_1_35' title='bbox 1361 415 1519 466; x_wconf 86' lang='lat' dir='ltr'><strong>paulum</strong></span> <span class='ocrx_word' id='word_1_36' title='bbox 1552 412 1556 418; x_wconf 53' lang='lat'>¹</span> 
     </span>
     <span class='ocr_line' id='line_1_6' title="bbox 237 475 1518 527; baseline 0.001 -13"><span class='ocrx_word' id='word_1_37' title='bbox 237 477 356 527; x_wconf 71' lang='lat' dir='ltr'><strong>spatio</strong></span> <span class='ocrx_word' id='word_1_38' title='bbox 381 489 539 526; x_wconf 79' lang='lat' dir='ltr'><strong>campos</strong></span> <span class='ocrx_word' id='word_1_39' title='bbox 561 475 791 514; x_wconf 86' lang='lat' dir='ltr'><strong>circumibat</strong></span> <span class='ocrx_word' id='word_1_40' title='bbox 816 476 1029 515; x_wconf 87' lang='lat' dir='ltr'><strong>amicorum</strong></span> <span class='ocrx_word' id='word_1_41' title='bbox 1053 477 1221 526; x_wconf 86' lang='lat' dir='ltr'><strong>equitum</strong></span> <span class='ocrx_word' id='word_1_42' title='bbox 1241 476 1310 516; x_wconf 88' lang='lat' dir='ltr'><strong>ala.</strong></span> <span class='ocrx_word' id='word_1_43' title='bbox 1335 477 1518 523; x_wconf 64' lang='lat' dir='ltr'><strong>interius,</strong></span> 
     </span>
     <span class='ocr_line' id='line_1_7' title="bbox 237 537 1518 589; baseline 0 -12"><span class='ocrx_word' id='word_1_44' title='bbox 237 539 354 578; x_wconf 68' lang='lat' dir='ltr'><strong>diviso</strong></span> <span class='ocrx_word' id='word_1_45' title='bbox 376 539 472 577; x_wconf 90' lang='lat' dir='ltr'><strong>inter</strong></span> <span class='ocrx_word' id='word_1_46' title='bbox 494 538 529 577; x_wconf 93' lang='lat' dir='ltr'><strong>se</strong></span> <span class='ocrx_word' id='word_1_47' title='bbox 546 551 659 589; x_wconf 80' lang='lat' dir='ltr'><strong>opere</strong></span> <span class='ocrx_word' id='word_1_48' title='bbox 676 569 686 586; x_wconf 92' lang='lat'><strong>,</strong></span> <span class='ocrx_word' id='word_1_49' title='bbox 704 537 867 588; x_wconf 85' lang='lat' dir='ltr'><strong>reliquus</strong></span> <span class='ocrx_word' id='word_1_50' title='bbox 884 540 1073 578; x_wconf 76' lang='lat' dir='ltr'><strong>exercitus</strong></span> <span class='ocrx_word' id='word_1_51' title='bbox 1092 539 1257 579; x_wconf 82' lang='lat' dir='ltr'><strong>ducebat</strong></span> <span class='ocrx_word' id='word_1_52' title='bbox 1281 539 1413 588; x_wconf 70' lang='lat' dir='ltr'><strong>fossas,</strong></span> <span class='ocrx_word' id='word_1_53' title='bbox 1430 540 1518 579; x_wconf 56' lang='lat' dir='ltr'><strong>aedi-</strong></span> 
     </span>
     <span class='ocr_line' id='line_1_8' title="bbox 237 598 1522 650; baseline 0.002 -14"><span class='ocrx_word' id='word_1_54' title='bbox 237 598 377 637; x_wconf 74' lang='lat' dir='ltr'><strong>ficabat</strong></span> <span class='ocrx_word' id='word_1_55' title='bbox 403 611 558 646; x_wconf 84' lang='lat' dir='ltr'><strong>muros,</strong></span> <span class='ocrx_word' id='word_1_56' title='bbox 589 599 751 637; x_wconf 86' lang='lat' dir='ltr'><strong>tentoria</strong></span> <span class='ocrx_word' id='word_1_57' title='bbox 781 598 960 648; x_wconf 78' lang='lat' dir='ltr'>erigebat.</span> <span class='ocrx_word' id='word_1_58' title='bbox 989 607 1142 650; x_wconf 84' lang='lat' dir='ltr'><strong>eratque</strong></span> <span class='ocrx_word' id='word_1_59' title='bbox 1172 600 1401 650; x_wconf 79' lang='lat' dir='ltr'><strong>praefinitum</strong></span> <span class='ocrx_word' id='word_1_60' title='bbox 1424 610 1522 640; x_wconf 46' lang='lat' dir='ltr'><strong>temo»</strong></span> 
     </span>
     <span class='ocr_line' id='line_1_9' title="bbox 236 660 1520 717; baseline 0.002 -18"><span class='ocrx_word' id='word_1_61' title='bbox 236 673 336 711; x_wconf 75' lang='lat' dir='ltr'><strong>puS,</strong></span> <span class='ocrx_word' id='word_1_62' title='bbox 358 662 455 699; x_wconf 84' lang='lat' dir='ltr'><strong>intra</strong></span> <span class='ocrx_word' id='word_1_63' title='bbox 477 661 581 710; x_wconf 88' lang='lat' dir='ltr'><strong>quod</strong></span> <span class='ocrx_word' id='word_1_64' title='bbox 608 660 820 710; x_wconf 82' lang='lat' dir='ltr'><strong>quamlibet</strong></span> <span class='ocrx_word' id='word_1_65' title='bbox 846 661 972 717; x_wconf 79' lang='lat' dir='ltr'><strong>operis</strong></span> <span class='ocrx_word' id='word_1_66' title='bbox 1001 669 1146 711; x_wconf 84' lang='lat' dir='ltr'><strong>partem</strong></span> <span class='ocrx_word' id='word_1_67' title='bbox 1172 663 1301 713; x_wconf 84' lang='lat' dir='ltr'><strong>perfici</strong></span> <span class='ocrx_word' id='word_1_68' title='bbox 1327 662 1520 702; x_wconf 77' lang='lat' dir='ltr'><strong>neceffum</strong></span> 
     </span>
     <span class='ocr_line' id='line_1_10' title="bbox 239 721 1522 777; baseline 0.002 -18"><span class='ocrx_word' id='word_1_69' title='bbox 239 721 340 760; x_wconf 68' lang='lat' dir='ltr'><strong>esset.</strong></span> <span class='ocrx_word' id='word_1_70' title='bbox 375 721 535 760; x_wconf 83' lang='lat' dir='ltr'><strong>instabat</strong></span> <span class='ocrx_word' id='word_1_71' title='bbox 567 722 669 760; x_wconf 84' lang='lat' dir='ltr'><strong>enim</strong></span> <span class='ocrx_word' id='word_1_72' title='bbox 700 722 934 771; x_wconf 84' lang='lat' dir='ltr'><strong>imperator,</strong></span> <span class='ocrx_word' id='word_1_73' title='bbox 965 721 1201 774; x_wconf 83' lang='lat' dir='ltr'>jubebatque</span> <span class='ocrx_word' id='word_1_74' title='bbox 1222 724 1347 777; x_wconf 76' lang='lat' dir='ltr'><strong>segnes</strong></span> <span class='ocrx_word' id='word_1_75' title='bbox 1371 726 1423 762; x_wconf 87' lang='lat' dir='ltr'><strong>ad</strong></span> <span class='ocrx_word' id='word_1_76' title='bbox 1445 723 1522 763; x_wconf 74' lang='lat' dir='ltr'><strong>alia</strong></span> 
     </span>
     <span class='ocr_line' id='line_1_11' title="bbox 239 783 899 837; baseline 0.002 -15"><span class='ocrx_word' id='word_1_77' title='bbox 239 783 322 822; x_wconf 74' lang='lat' dir='ltr'><strong>belli</strong></span> <span class='ocrx_word' id='word_1_78' title='bbox 348 785 487 836; x_wconf 74' lang='lat' dir='ltr'><strong>munia,</strong></span> <span class='ocrx_word' id='word_1_79' title='bbox 516 783 586 821; x_wconf 77' lang='lat' dir='ltr'><strong>vili</strong></span> <span class='ocrx_word' id='word_1_80' title='bbox 610 784 723 823; x_wconf 80' lang='lat' dir='ltr'><strong>labore</strong></span> <span class='ocrx_word' id='word_1_81' title='bbox 744 785 899 837; x_wconf 70' lang='lat' dir='ltr'><strong>defitngl&#39;.</strong></span> 
     </span>
    </p>

    <p class='ocr_par' dir='ltr' id='par_1_3' title="bbox 232 843 1527 1702">
     <span class='ocr_line' id='line_1_12' title="bbox 293 843 1523 897; baseline 0.002 -14"><span class='ocrx_word' id='word_1_82' title='bbox 293 843 366 883; x_wconf 75' lang='lat' dir='ltr'><strong>IX.</strong></span> <span class='ocrx_word' id='word_1_83' title='bbox 399 844 468 884; x_wconf 90' lang='lat' dir='ltr'><strong>His</strong></span> <span class='ocrx_word' id='word_1_84' title='bbox 495 843 638 883; x_wconf 85' lang='lat' dir='ltr'><strong>artibus</strong></span> <span class='ocrx_word' id='word_1_85' title='bbox 667 844 756 882; x_wconf 89' lang='lat' dir='ltr'><strong>cum</strong></span> <span class='ocrx_word' id='word_1_86' title='bbox 777 845 1053 895; x_wconf 83' lang='lat' dir='ltr'><strong>obsequentem</strong></span> <span class='ocrx_word' id='word_1_87' title='bbox 1075 845 1141 884; x_wconf 87' lang='lat' dir='ltr'><strong>fibi</strong></span> <span class='ocrx_word' id='word_1_88' title='bbox 1166 845 1351 893; x_wconf 84' lang='lat' dir='ltr'><strong>militem,</strong></span> <span class='ocrx_word' id='word_1_89' title='bbox 1376 846 1523 897; x_wconf 88' lang='lat' dir='ltr'><strong>patien-</strong></span> 
     </span>
     <span class='ocr_line' id='line_1_13' title="bbox 240 905 1523 957; baseline 0 -11"><span class='ocrx_word' id='word_1_90' title='bbox 240 913 394 957; x_wconf 77' lang='lat' dir='ltr'><strong>temque</strong></span> <span class='ocrx_word' id='word_1_91' title='bbox 421 905 588 954; x_wconf 84' lang='lat' dir='ltr'><strong>laboris,</strong></span> <span class='ocrx_word' id='word_1_92' title='bbox 629 908 664 945; x_wconf 72' lang='lat' dir='ltr'><strong>Sc</strong></span> <span class='ocrx_word' id='word_1_93' title='bbox 697 906 745 944; x_wconf 82' lang='lat' dir='ltr'><strong>ad</strong></span> <span class='ocrx_word' id='word_1_94' title='bbox 777 906 935 957; x_wconf 87' lang='lat' dir='ltr'><strong>imperia</strong></span> <span class='ocrx_word' id='word_1_95' title='bbox 969 915 1165 956; x_wconf 88' lang='lat' dir='ltr'><strong>promtum</strong></span> <span class='ocrx_word' id='word_1_96' title='bbox 1200 907 1403 955; x_wconf 79' lang='lat' dir='ltr'><strong>effecisset,</strong></span> <span class='ocrx_word' id='word_1_97' title='bbox 1441 919 1523 946; x_wconf 84' lang='lat' dir='ltr'><strong>tum</strong></span> 
     </span>
     <span class='ocr_line' id='line_1_14' title="bbox 240 969 1523 1021; baseline -0.002 -10"><span class='ocrx_word' id='word_1_98' title='bbox 240 984 332 1011; x_wconf 74' lang='lat' dir='ltr'><strong>vero</strong></span> <span class='ocrx_word' id='word_1_99' title='bbox 365 970 521 1020; x_wconf 82' lang='lat' dir='ltr'><strong>propius</strong></span> <span class='ocrx_word' id='word_1_100' title='bbox 537 969 786 1009; x_wconf 76' lang='lat' dir='ltr'>Numantiam</span> <span class='ocrx_word' id='word_1_101' title='bbox 802 969 919 1019; x_wconf 83' lang='lat' dir='ltr'><strong>coepit</strong></span> <span class='ocrx_word' id='word_1_102' title='bbox 941 969 1146 1010; x_wconf 82' lang='lat' dir='ltr'><strong>accedere:</strong></span> <span class='ocrx_word' id='word_1_103' title='bbox 1174 983 1337 1021; x_wconf 86' lang='lat' dir='ltr'><strong>cumque</strong></span> <span class='ocrx_word' id='word_1_104' title='bbox 1361 971 1400 1009; x_wconf 89' lang='lat' dir='ltr'><strong>in</strong></span> <span class='ocrx_word' id='word_1_105' title='bbox 1424 970 1523 1020; x_wconf 79' lang='lat' dir='ltr'><strong>ipso-</strong></span> 
     </span>
     <span class='ocr_line' id='line_1_15' title="bbox 243 1028 1522 1081; baseline 0 -12"><span class='ocrx_word' id='word_1_106' title='bbox 243 1044 329 1069; x_wconf 83' lang='lat' dir='ltr'><strong>rum</strong></span> <span class='ocrx_word' id='word_1_107' title='bbox 355 1043 444 1081; x_wconf 84' lang='lat' dir='ltr'><strong>agro</strong></span> <span class='ocrx_word' id='word_1_108' title='bbox 471 1030 586 1069; x_wconf 85' lang='lat' dir='ltr'><strong>castra</strong></span> <span class='ocrx_word' id='word_1_109' title='bbox 617 1028 817 1079; x_wconf 66' lang='lat' dir='ltr'><strong>posuisset,</strong></span> <span class='ocrx_word' id='word_1_110' title='bbox 846 1041 978 1067; x_wconf 86' lang='lat' dir='ltr'><strong>omnes</strong></span> <span class='ocrx_word' id='word_1_111' title='bbox 1003 1030 1132 1079; x_wconf 84' lang='lat' dir='ltr'><strong>copias</strong></span> <span class='ocrx_word' id='word_1_112' title='bbox 1158 1033 1257 1069; x_wconf 85' lang='lat' dir='ltr'><strong>intra</strong></span> <span class='ocrx_word' id='word_1_113' title='bbox 1285 1030 1426 1069; x_wconf 85' lang='lat' dir='ltr'><strong>vallum</strong></span> <span class='ocrx_word' id='word_1_114' title='bbox 1456 1031 1522 1070; x_wconf 85' lang='lat' dir='ltr'><strong>ha-</strong></span> 
     </span>
     <span class='ocr_line' id='line_1_16' title="bbox 242 1089 1525 1141; baseline -0.002 -10"><span class='ocrx_word' id='word_1_115' title='bbox 242 1092 356 1139; x_wconf 85' lang='lat' dir='ltr'>buit,</span> <span class='ocrx_word' id='word_1_116' title='bbox 380 1089 494 1130; x_wconf 82' lang='lat' dir='ltr'><strong>nullis</strong></span> <span class='ocrx_word' id='word_1_117' title='bbox 523 1104 589 1141; x_wconf 88' lang='lat' dir='ltr'><strong>per</strong></span> <span class='ocrx_word' id='word_1_118' title='bbox 610 1090 781 1138; x_wconf 83' lang='lat' dir='ltr'><strong>castella,</strong></span> <span class='ocrx_word' id='word_1_119' title='bbox 804 1097 846 1128; x_wconf 92' lang='lat' dir='ltr'><strong>ut</strong></span> <span class='ocrx_word' id='word_1_120' title='bbox 872 1089 1026 1139; x_wconf 74' lang='lat' dir='ltr'><strong>assolet,</strong></span> <span class='ocrx_word' id='word_1_121' title='bbox 1063 1091 1241 1140; x_wconf 74' lang='lat' dir='ltr'><strong>praesidiis</strong></span> <span class='ocrx_word' id='word_1_122' title='bbox 1267 1100 1331 1131; x_wconf 84' lang='lat' dir='ltr'><strong>aut</strong></span> <span class='ocrx_word' id='word_1_123' title='bbox 1358 1091 1525 1130; x_wconf 83' lang='lat' dir='ltr'><strong>stationi-</strong></span> 
     </span>
     <span class='ocr_line' id='line_1_17' title="bbox 243 1151 1523 1203; baseline -0.001 -10"><span class='ocrx_word' id='word_1_124' title='bbox 243 1154 314 1193; x_wconf 86' lang='lat' dir='ltr'><strong>bus</strong></span> <span class='ocrx_word' id='word_1_125' title='bbox 344 1153 570 1203; x_wconf 78' lang='lat' dir='ltr'><strong>antepolitis.</strong></span> <span class='ocrx_word' id='word_1_126' title='bbox 609 1151 719 1191; x_wconf 82' lang='lat' dir='ltr'><strong>valde</strong></span> <span class='ocrx_word' id='word_1_127' title='bbox 755 1152 856 1191; x_wconf 85' lang='lat' dir='ltr'><strong>enim</strong></span> <span class='ocrx_word' id='word_1_128' title='bbox 889 1154 1086 1192; x_wconf 84' lang='lat' dir='ltr'><strong>vitandum</strong></span> <span class='ocrx_word' id='word_1_129' title='bbox 1120 1153 1306 1203; x_wconf 83' lang='lat' dir='ltr'><strong>putabat,</strong></span> <span class='ocrx_word' id='word_1_130' title='bbox 1342 1167 1389 1193; x_wconf 94' lang='lat' dir='ltr'><strong>ne</strong></span> <span class='ocrx_word' id='word_1_131' title='bbox 1425 1155 1523 1193; x_wconf 84' lang='lat' dir='ltr'><strong>inter</strong></span> 
     </span>
     <span class='ocr_line' id='line_1_18' title="bbox 242 1214 1523 1265; baseline 0.002 -12"><span class='ocrx_word' id='word_1_132' title='bbox 242 1216 379 1260; x_wconf 85' lang='lat' dir='ltr'><strong>initia,</strong></span> <span class='ocrx_word' id='word_1_133' title='bbox 407 1227 622 1264; x_wconf 79' lang='lat' dir='ltr'>quanquam</span> <span class='ocrx_word' id='word_1_134' title='bbox 646 1214 803 1253; x_wconf 82' lang='lat' dir='ltr'><strong>modico</strong></span> <span class='ocrx_word' id='word_1_135' title='bbox 829 1215 1078 1254; x_wconf 81' lang='lat' dir='ltr'><strong>incommodo</strong></span> <span class='ocrx_word' id='word_1_136' title='bbox 1107 1226 1291 1265; x_wconf 81' lang='lat' dir='ltr'><strong>accepto,</strong></span> <span class='ocrx_word' id='word_1_137' title='bbox 1321 1218 1523 1256; x_wconf 84' lang='lat' dir='ltr'><strong>contemti-</strong></span> 
     </span>
     <span class='ocr_line' id='line_1_19' title="bbox 242 1274 1524 1327; baseline -0.002 -12"><span class='ocrx_word' id='word_1_138' title='bbox 242 1275 329 1315; x_wconf 82' lang='lat' dir='ltr'><strong>bilis</strong></span> <span class='ocrx_word' id='word_1_139' title='bbox 351 1274 446 1313; x_wconf 84' lang='lat' dir='ltr'><strong>hosti</strong></span> <span class='ocrx_word' id='word_1_140' title='bbox 471 1275 601 1314; x_wconf 85' lang='lat' dir='ltr'><strong>fieret:</strong></span> <span class='ocrx_word' id='word_1_141' title='bbox 627 1288 700 1324; x_wconf 88' lang='lat' dir='ltr'><strong>qua</strong></span> <span class='ocrx_word' id='word_1_142' title='bbox 723 1275 760 1312; x_wconf 91' lang='lat' dir='ltr'><strong>in</strong></span> <span class='ocrx_word' id='word_1_143' title='bbox 785 1287 822 1312; x_wconf 84' lang='lat' dir='ltr'><strong>re</strong></span> <span class='ocrx_word' id='word_1_144' title='bbox 846 1276 1055 1314; x_wconf 81' lang='lat' dir='ltr'><strong>maximum</strong></span> <span class='ocrx_word' id='word_1_145' title='bbox 1080 1276 1245 1315; x_wconf 52' lang='lat' dir='ltr'><strong>vicloriae</strong></span> <span class='ocrx_word' id='word_1_146' title='bbox 1268 1277 1524 1327; x_wconf 81' lang='lat' dir='ltr'><strong>impedimen-</strong></span> 
     </span>
     <span class='ocr_line' id='line_1_20' title="bbox 243 1336 1524 1385; baseline 0.002 -11"><span class='ocrx_word' id='word_1_147' title='bbox 243 1343 325 1375; x_wconf 87' lang='lat' dir='ltr'><strong>tum</strong></span> <span class='ocrx_word' id='word_1_148' title='bbox 357 1336 439 1374; x_wconf 90' lang='lat' dir='ltr'><strong>fore</strong></span> <span class='ocrx_word' id='word_1_149' title='bbox 460 1336 707 1385; x_wconf 81' lang='lat' dir='ltr'><strong>providebat,</strong></span> <span class='ocrx_word' id='word_1_150' title='bbox 738 1345 868 1374; x_wconf 85' lang='lat' dir='ltr'><strong>contra</strong></span> <span class='ocrx_word' id='word_1_151' title='bbox 894 1336 1110 1375; x_wconf 84' lang='lat' dir='ltr'><strong>fortiffirnos</strong></span> <span class='ocrx_word' id='word_1_152' title='bbox 1139 1338 1263 1385; x_wconf 83' lang='lat' dir='ltr'><strong>viros,</strong></span> <span class='ocrx_word' id='word_1_153' title='bbox 1287 1339 1323 1377; x_wconf 82' lang='lat'>&amp;</span> <span class='ocrx_word' id='word_1_154' title='bbox 1350 1338 1524 1378; x_wconf 78' lang='lat' dir='ltr'><strong>militaris</strong></span> 
     </span>
     <span class='ocr_line' id='line_1_21' title="bbox 243 1398 1527 1451; baseline -0.001 -14"><span class='ocrx_word' id='word_1_155' title='bbox 243 1398 295 1437; x_wconf 86' lang='lat' dir='ltr'><strong>rei</strong></span> <span class='ocrx_word' id='word_1_156' title='bbox 331 1398 585 1451; x_wconf 81' lang='lat' dir='ltr'><strong>peritiffimos.</strong></span> <span class='ocrx_word' id='word_1_157' title='bbox 629 1398 692 1437; x_wconf 88' lang='lat' dir='ltr'><strong>sed</strong></span> <span class='ocrx_word' id='word_1_158' title='bbox 721 1411 843 1449; x_wconf 89' lang='lat' dir='ltr'><strong>neque</strong></span> <span class='ocrx_word' id='word_1_159' title='bbox 876 1406 1019 1437; x_wconf 85' lang='lat' dir='ltr'><strong>tentare</strong></span> <span class='ocrx_word' id='word_1_160' title='bbox 1046 1398 1159 1437; x_wconf 85' lang='lat' dir='ltr'><strong>ullius</strong></span> <span class='ocrx_word' id='word_1_161' title='bbox 1200 1398 1414 1437; x_wconf 83' lang='lat' dir='ltr'><strong>certaminis</strong></span> <span class='ocrx_word' id='word_1_162' title='bbox 1451 1399 1527 1436; x_wconf 80' lang='lat' dir='ltr'><strong>for-</strong></span> 
     </span>
     <span class='ocr_line' id='line_1_22' title="bbox 244 1461 1521 1510; baseline -0.001 -9"><span class='ocrx_word' id='word_1_163' title='bbox 244 1471 376 1501; x_wconf 80' lang='lat' dir='ltr'>tunam</span> <span class='ocrx_word' id='word_1_164' title='bbox 410 1461 589 1510; x_wconf 84' lang='lat' dir='ltr'><strong>volebat,</strong></span> <span class='ocrx_word' id='word_1_165' title='bbox 627 1463 754 1501; x_wconf 87' lang='lat' dir='ltr'><strong>donec</strong></span> <span class='ocrx_word' id='word_1_166' title='bbox 790 1461 836 1501; x_wconf 88' lang='lat' dir='ltr'><strong>ab</strong></span> <span class='ocrx_word' id='word_1_167' title='bbox 872 1462 1049 1501; x_wconf 85' lang='lat' dir='ltr'><strong>diuturno</strong></span> <span class='ocrx_word' id='word_1_168' title='bbox 1089 1470 1286 1501; x_wconf 87' lang='lat' dir='ltr'><strong>contemtu</strong></span> <span class='ocrx_word' id='word_1_169' title='bbox 1327 1463 1521 1501; x_wconf 69' lang='lat' dir='ltr'><strong>vindicare</strong></span> 
     </span>
     <span class='ocr_line' id='line_1_23' title="bbox 246 1524 1526 1575; baseline 0 -11"><span class='ocrx_word' id='word_1_170' title='bbox 246 1525 460 1564; x_wconf 76' lang='lat' dir='ltr'><strong>exercitum</strong></span> <span class='ocrx_word' id='word_1_171' title='bbox 491 1525 599 1563; x_wconf 87' lang='lat' dir='ltr'><strong>suum</strong></span> <span class='ocrx_word' id='word_1_172' title='bbox 627 1524 816 1575; x_wconf 78' lang='lat' dir='ltr'><strong>potuisset.</strong></span> <span class='ocrx_word' id='word_1_173' title='bbox 844 1524 883 1563; x_wconf 87' lang='lat' dir='ltr'><strong>id</strong></span> <span class='ocrx_word' id='word_1_174' title='bbox 904 1538 1018 1573; x_wconf 79' lang='lat' dir='ltr'><strong>vero,</strong></span> <span class='ocrx_word' id='word_1_175' title='bbox 1048 1539 1123 1575; x_wconf 91' lang='lat' dir='ltr'><strong>quo</strong></span> <span class='ocrx_word' id='word_1_176' title='bbox 1151 1527 1333 1566; x_wconf 80' lang='lat' dir='ltr'><strong>maturius</strong></span> <span class='ocrx_word' id='word_1_177' title='bbox 1357 1525 1526 1575; x_wconf 71' lang='lat' dir='ltr'><strong>asseque-</strong></span> 
     </span>
     <span class='ocr_line' id='line_1_24' title="bbox 247 1586 1525 1638; baseline 0.001 -12"><span class='ocrx_word' id='word_1_178' title='bbox 247 1595 375 1635; x_wconf 81' lang='lat' dir='ltr'><strong>retur,</strong></span> <span class='ocrx_word' id='word_1_179' title='bbox 411 1587 597 1625; x_wconf 85' lang='lat' dir='ltr'><strong>rationem</strong></span> <span class='ocrx_word' id='word_1_180' title='bbox 628 1588 745 1625; x_wconf 86' lang='lat' dir='ltr'><strong>totius</strong></span> <span class='ocrx_word' id='word_1_181' title='bbox 777 1586 891 1635; x_wconf 86' lang='lat' dir='ltr'><strong>belli,</strong></span> <span class='ocrx_word' id='word_1_182' title='bbox 927 1587 1083 1638; x_wconf 84' lang='lat' dir='ltr'><strong>suasque</strong></span> <span class='ocrx_word' id='word_1_183' title='bbox 1115 1588 1355 1636; x_wconf 74' lang='lat' dir='ltr'><strong>occasiones,</strong></span> <span class='ocrx_word' id='word_1_184' title='bbox 1389 1591 1423 1628; x_wconf 85' lang='lat'>&amp;</span> <span class='ocrx_word' id='word_1_185' title='bbox 1457 1588 1525 1627; x_wconf 87' lang='lat' dir='ltr'><strong>ho-</strong></span> 
     </span>
     <span class='ocr_line' id='line_1_25' title="bbox 232 1645 1345 1702; baseline -0.002 -12"><span class='ocrx_word' id='word_1_186' title='bbox 232 1645 360 1690; x_wconf 64' lang='lat' dir='ltr'><strong>&#39;stium</strong></span> <span class='ocrx_word' id='word_1_187' title='bbox 389 1648 542 1688; x_wconf 76' lang='lat' dir='ltr'><strong>consilia</strong></span> <span class='ocrx_word' id='word_1_188' title='bbox 565 1662 639 1699; x_wconf 89' lang='lat' dir='ltr'><strong>quo</strong></span> <span class='ocrx_word' id='word_1_189' title='bbox 665 1658 882 1702; x_wconf 80' lang='lat' dir='ltr'><strong>vergerent,</strong></span> <span class='ocrx_word' id='word_1_190' title='bbox 902 1658 1044 1688; x_wconf 84' lang='lat' dir='ltr'><strong>attente</strong></span> <span class='ocrx_word' id='word_1_191' title='bbox 1072 1649 1345 1699; x_wconf 80' lang='lat' dir='ltr'><strong>speculabatur.</strong></span> 
     </span>
    </p>

    <p class='ocr_par' dir='ltr' id='par_1_4' title="bbox 248 1709 1533 2383">
     <span class='ocr_line' id='line_1_26' title="bbox 299 1709 1526 1761; baseline -0.002 -10"><span class='ocrx_word' id='word_1_192' title='bbox 299 1713 351 1752; x_wconf 88' lang='lat' dir='ltr'><strong>X.</strong></span> <span class='ocrx_word' id='word_1_193' title='bbox 381 1711 484 1750; x_wconf 86' lang='lat' dir='ltr'><strong>Inter</strong></span> <span class='ocrx_word' id='word_1_194' title='bbox 500 1709 581 1749; x_wconf 81' lang='lat' dir='ltr'><strong>haec</strong></span> <span class='ocrx_word' id='word_1_195' title='bbox 606 1724 625 1749; x_wconf 86' lang='lat' dir='ltr'><strong>a</strong></span> <span class='ocrx_word' id='word_1_196' title='bbox 641 1719 746 1761; x_wconf 83' lang='lat' dir='ltr'><strong>tergo</strong></span> <span class='ocrx_word' id='word_1_197' title='bbox 766 1711 968 1749; x_wconf 88' lang='lat' dir='ltr'><strong>castrorum</strong></span> <span class='ocrx_word' id='word_1_198' title='bbox 985 1710 1208 1761; x_wconf 81' lang='lat' dir='ltr'><strong>pabulatum</strong></span> <span class='ocrx_word' id='word_1_199' title='bbox 1229 1710 1429 1759; x_wconf 86' lang='lat' dir='ltr'><strong>mittebat,</strong></span> <span class='ocrx_word' id='word_1_200' title='bbox 1446 1711 1526 1750; x_wconf 88' lang='lat' dir='ltr'><strong>fru-</strong></span> 
     </span>
     <span class='ocr_line' id='line_1_27' title="bbox 248 1772 1525 1825; baseline 0 -13"><span class='ocrx_word' id='word_1_201' title='bbox 248 1774 409 1825; x_wconf 73' lang='lat' dir='ltr'><strong>gesque,</strong></span> <span class='ocrx_word' id='word_1_202' title='bbox 428 1773 518 1812; x_wconf 83' lang='lat' dir='ltr'><strong>licet</strong></span> <span class='ocrx_word' id='word_1_203' title='bbox 532 1773 703 1812; x_wconf 84' lang='lat' dir='ltr'><strong>nondum</strong></span> <span class='ocrx_word' id='word_1_204' title='bbox 726 1772 811 1811; x_wconf 83' lang='lat' dir='ltr'><strong>satis</strong></span> <span class='ocrx_word' id='word_1_205' title='bbox 833 1783 1021 1821; x_wconf 84' lang='lat' dir='ltr'><strong>maturas,</strong></span> <span class='ocrx_word' id='word_1_206' title='bbox 1038 1773 1161 1812; x_wconf 84' lang='lat' dir='ltr'><strong>ubivis</strong></span> <span class='ocrx_word' id='word_1_207' title='bbox 1185 1773 1395 1812; x_wconf 83' lang='lat' dir='ltr'><strong>desecabat.</strong></span> <span class='ocrx_word' id='word_1_208' title='bbox 1420 1773 1525 1823; x_wconf 76' lang='lat' dir='ltr'><strong>quod</strong></span> 
     </span>
     <span class='ocr_line' id='line_1_28' title="bbox 250 1834 1529 1886; baseline 0.001 -13"><span class='ocrx_word' id='word_1_209' title='bbox 250 1836 316 1874; x_wconf 82' lang='lat' dir='ltr'><strong>ubi</strong></span> <span class='ocrx_word' id='word_1_210' title='bbox 350 1834 561 1886; x_wconf 45' lang='lat' dir='ltr'><strong>perfectum</strong></span> <span class='ocrx_word' id='word_1_211' title='bbox 593 1835 670 1882; x_wconf 82' lang='lat' dir='ltr'><strong>est,</strong></span> <span class='ocrx_word' id='word_1_212' title='bbox 706 1834 935 1884; x_wconf 86' lang='lat' dir='ltr'><strong>ulteriusque</strong></span> <span class='ocrx_word' id='word_1_213' title='bbox 964 1838 1179 1886; x_wconf 88' lang='lat' dir='ltr'><strong>promoveri</strong></span> <span class='ocrx_word' id='word_1_214' title='bbox 1203 1836 1317 1875; x_wconf 82' lang='lat' dir='ltr'><strong>castra</strong></span> <span class='ocrx_word' id='word_1_215' title='bbox 1355 1835 1529 1885; x_wconf 78' lang='lat' dir='ltr'><strong>placuit,</strong></span> 
     </span>
     <span class='ocr_line' id='line_1_29' title="bbox 251 1897 1529 1948; baseline 0.001 -13"><span class='ocrx_word' id='word_1_216' title='bbox 251 1908 293 1936; x_wconf 86' lang='lat' dir='ltr'><strong>ut</strong></span> <span class='ocrx_word' id='word_1_217' title='bbox 323 1897 490 1947; x_wconf 81' lang='lat' dir='ltr'><strong>reliquus</strong></span> <span class='ocrx_word' id='word_1_218' title='bbox 521 1897 634 1936; x_wconf 87' lang='lat' dir='ltr'><strong>etiam</strong></span> <span class='ocrx_word' id='word_1_219' title='bbox 670 1910 776 1947; x_wconf 80' lang='lat' dir='ltr'><strong>ager,</strong></span> <span class='ocrx_word' id='word_1_220' title='bbox 805 1898 907 1936; x_wconf 87' lang='lat' dir='ltr'><strong>unde</strong></span> <span class='ocrx_word' id='word_1_221' title='bbox 937 1899 1180 1938; x_wconf 79' lang='lat' dir='ltr'><strong>Numantinis</strong></span> <span class='ocrx_word' id='word_1_222' title='bbox 1206 1899 1316 1948; x_wconf 85' lang='lat' dir='ltr'><strong>copia</strong></span> <span class='ocrx_word' id='word_1_223' title='bbox 1349 1907 1413 1936; x_wconf 86' lang='lat' dir='ltr'><strong>aut</strong></span> <span class='ocrx_word' id='word_1_224' title='bbox 1445 1898 1529 1947; x_wconf 80' lang='lat' dir='ltr'><strong>spes</strong></span> 
     </span>
     <span class='ocr_line' id='line_1_30' title="bbox 251 1959 1528 2009; baseline 0 -11"><span class='ocrx_word' id='word_1_225' title='bbox 251 1969 491 1998; x_wconf 73' lang='lat' dir='ltr'><strong>commeatus</strong></span> <span class='ocrx_word' id='word_1_226' title='bbox 515 1967 617 2005; x_wconf 86' lang='lat' dir='ltr'><strong>erat,</strong></span> <span class='ocrx_word' id='word_1_227' title='bbox 634 1959 856 2007; x_wconf 85' lang='lat' dir='ltr'><strong>vastaretur,</strong></span> <span class='ocrx_word' id='word_1_228' title='bbox 880 1961 1060 1999; x_wconf 78' lang='lat' dir='ltr'><strong>concilium</strong></span> <span class='ocrx_word' id='word_1_229' title='bbox 1079 1962 1194 1999; x_wconf 78' lang='lat' dir='ltr'><strong>vocari</strong></span> <span class='ocrx_word' id='word_1_230' title='bbox 1216 1960 1337 2009; x_wconf 89' lang='lat' dir='ltr'><strong>jubet.</strong></span> <span class='ocrx_word' id='word_1_231' title='bbox 1362 1960 1412 1998; x_wconf 87' lang='lat' dir='ltr'><strong>ibi</strong></span> <span class='ocrx_word' id='word_1_232' title='bbox 1440 1972 1528 1998; x_wconf 86' lang='lat' dir='ltr'><strong>cum</strong></span> 
     </span>
     <span class='ocr_line' id='line_1_31' title="bbox 250 2022 1533 2075; baseline -0.001 -14"><span class='ocrx_word' id='word_1_233' title='bbox 250 2022 421 2074; x_wconf 76' lang='lat' dir='ltr'><strong>plerique</strong></span> <span class='ocrx_word' id='word_1_234' title='bbox 439 2035 561 2074; x_wconf 69' lang='lat' dir='ltr'><strong>praeter</strong></span> <span class='ocrx_word' id='word_1_235' title='bbox 585 2023 695 2060; x_wconf 80' lang='lat' dir='ltr'><strong>urbem</strong></span> <span class='ocrx_word' id='word_1_236' title='bbox 719 2024 975 2063; x_wconf 73' lang='lat' dir='ltr'><strong>Numantinam</strong></span> <span class='ocrx_word' id='word_1_237' title='bbox 1001 2026 1189 2063; x_wconf 80' lang='lat' dir='ltr'><strong>ducendum</strong></span> <span class='ocrx_word' id='word_1_238' title='bbox 1208 2023 1533 2075; x_wconf 70' lang='lat' dir='ltr'><strong>censerent,quod</strong></span> 
     </span>
     <span class='ocr_line' id='line_1_32' title="bbox 255 2083 1530 2138; baseline -0.003 -15"><span class='ocrx_word' id='word_1_239' title='bbox 255 2101 294 2123; x_wconf 81' lang='lat' dir='ltr'><strong>ea</strong></span> <span class='ocrx_word' id='word_1_240' title='bbox 311 2083 531 2134; x_wconf 68' lang='lat' dir='ltr'><strong>breviffi‘mum</strong></span> <span class='ocrx_word' id='word_1_241' title='bbox 556 2085 591 2121; x_wconf 85' lang='lat' dir='ltr'><strong>in</strong></span> <span class='ocrx_word' id='word_1_242' title='bbox 619 2099 782 2136; x_wconf 62' lang='lat' dir='ltr'><strong>campos,</strong></span> <span class='ocrx_word' id='word_1_243' title='bbox 803 2086 862 2136; x_wconf 79' lang='lat' dir='ltr'><strong>qui</strong></span> <span class='ocrx_word' id='word_1_244' title='bbox 882 2087 1106 2138; x_wconf 73' lang='lat' dir='ltr'><strong>petebantur,</strong></span> <span class='ocrx_word' id='word_1_245' title='bbox 1125 2087 1184 2124; x_wconf 84' lang='lat' dir='ltr'><strong>iter</strong></span> <span class='ocrx_word' id='word_1_246' title='bbox 1210 2098 1304 2124; x_wconf 76' lang='lat' dir='ltr'><strong>erat:</strong></span> <span class='ocrx_word' id='word_1_247' title='bbox 1329 2087 1415 2123; x_wconf 81' lang='lat' dir='ltr'><strong>lVon</strong></span> <span class='ocrx_word' id='word_1_248' title='bbox 1434 2099 1530 2135; x_wconf 76' lang='lat' dir='ltr'><strong>repu-</strong></span> 
     </span>
     <span class='ocr_line' id='line_1_33' title="bbox 250 2143 1531 2201; baseline -0.002 -17"><span class='ocrx_word' id='word_1_249' title='bbox 250 2161 412 2200; x_wconf 65' lang='lat' dir='ltr'><strong>gnarem,</strong></span> <span class='ocrx_word' id='word_1_250' title='bbox 439 2145 491 2184; x_wconf 77' lang='lat' dir='ltr'><strong>ait</strong></span> <span class='ocrx_word' id='word_1_251' title='bbox 510 2145 661 2194; x_wconf 74' lang='lat' dir='ltr'><strong>Scipio,</strong></span> <span class='ocrx_word' id='word_1_252' title='bbox 686 2146 754 2197; x_wconf 75' lang='lat' dir='ltr'><strong>nist</strong></span> <span class='ocrx_word' id='word_1_253' title='bbox 774 2145 857 2183; x_wconf 79' lang='lat' dir='ltr'><strong>mihi</strong></span> <span class='ocrx_word' id='word_1_254' title='bbox 875 2159 945 2183; x_wconf 81' lang='lat' dir='ltr'><strong>non</strong></span> <span class='ocrx_word' id='word_1_255' title='bbox 968 2147 1007 2201; x_wconf 62' lang='lat' dir='ltr'><strong>de</strong></span> <span class='ocrx_word' id='word_1_256' title='bbox 1029 2147 1138 2183; x_wconf 80' lang='lat' dir='ltr'><strong>eundo</strong></span> <span class='ocrx_word' id='word_1_257' title='bbox 1160 2157 1322 2191; x_wconf 71' lang='lat' dir='ltr'><strong>tantum,</strong></span> <span class='ocrx_word' id='word_1_258' title='bbox 1337 2143 1402 2195; x_wconf 71' lang='lat' dir='ltr'><strong>fid</strong></span> <span class='ocrx_word' id='word_1_259' title='bbox 1425 2145 1531 2181; x_wconf 58' lang='lat' dir='ltr'><strong>eziam</strong></span> 
     </span>
     <span class='ocr_line' id='line_1_34' title="bbox 251 2206 1524 2257; baseline -0.004 -11"><span class='ocrx_word' id='word_1_260' title='bbox 251 2211 291 2247; x_wconf 73' lang='lat' dir='ltr'><strong>de</strong></span> <span class='ocrx_word' id='word_1_261' title='bbox 315 2209 482 2246; x_wconf 76' lang='lat' dir='ltr'><strong>redeundo</strong></span> <span class='ocrx_word' id='word_1_262' title='bbox 507 2207 761 2245; x_wconf 72' lang='lat' dir='ltr'><strong>deliberandum</strong></span> <span class='ocrx_word' id='word_1_263' title='bbox 782 2207 962 2244; x_wconf 75' lang='lat' dir='ltr'><strong>videretur.</strong></span> <span class='ocrx_word' id='word_1_264' title='bbox 997 2221 1079 2243; x_wconf 70' lang='lat' dir='ltr'><strong>nam</strong></span> <span class='ocrx_word' id='word_1_265' title='bbox 1112 2216 1196 2243; x_wconf 80' lang='lat' dir='ltr'><strong>certe</strong></span> <span class='ocrx_word' id='word_1_266' title='bbox 1219 2206 1270 2242; x_wconf 80' lang='lat' dir='ltr'><strong>uti</strong></span> <span class='ocrx_word' id='word_1_267' title='bbox 1304 2206 1398 2242; x_wconf 77' lang='lat' dir='ltr'><strong>viam</strong></span> <span class='ocrx_word' id='word_1_268' title='bbox 1428 2206 1524 2257; x_wconf 74' lang='lat' dir='ltr'><strong>istam</strong></span> 
     </span>
     <span class='ocr_line' id='line_1_35' title="bbox 251 2265 1528 2322; baseline -0.004 -15"><span class='ocrx_word' id='word_1_269' title='bbox 251 2270 504 2322; x_wconf 65' lang='lat' dir='ltr'><strong>ingrediamur,</strong></span> <span class='ocrx_word' id='word_1_270' title='bbox 531 2269 568 2305; x_wconf 80' lang='lat' dir='ltr'><strong>in</strong></span> <span class='ocrx_word' id='word_1_271' title='bbox 592 2269 703 2320; x_wconf 73' lang='lat' dir='ltr'><strong>nostra</strong></span> <span class='ocrx_word' id='word_1_272' title='bbox 731 2282 834 2305; x_wconf 74' lang='lat' dir='ltr'><strong>manu</strong></span> <span class='ocrx_word' id='word_1_273' title='bbox 855 2268 920 2319; x_wconf 85' lang='lat' dir='ltr'><strong>est:</strong></span> <span class='ocrx_word' id='word_1_274' title='bbox 938 2268 1006 2320; x_wconf 70' lang='lat' dir='ltr'><strong>fid</strong></span> <span class='ocrx_word' id='word_1_275' title='bbox 1022 2266 1186 2319; x_wconf 75' lang='lat' dir='ltr'><strong>ingreſjbs</strong></span> <span class='ocrx_word' id='word_1_276' title='bbox 1208 2267 1275 2317; x_wconf 83' lang='lat' dir='ltr'><strong>nist</strong></span> <span class='ocrx_word' id='word_1_277' title='bbox 1288 2265 1437 2319; x_wconf 78' lang='lat' dir='ltr'><strong>fbrtuna</strong></span> <span class='ocrx_word' id='word_1_278' title='bbox 1452 2266 1528 2319; x_wconf 44' lang='grc' dir='ltr'><strong>[ἐκ</strong></span> 
     </span>
     <span class='ocr_line' id='line_1_36' title="bbox 253 2328 1260 2383; baseline -0.001 -14"><span class='ocrx_word' id='word_1_279' title='bbox 253 2343 331 2378; x_wconf 68' lang='lat' dir='ltr'><strong>vet,</strong></span> <span class='ocrx_word' id='word_1_280' title='bbox 356 2331 449 2382; x_wconf 72' lang='lat' dir='ltr'><strong>quod</strong></span> <span class='ocrx_word' id='word_1_281' title='bbox 470 2331 507 2367; x_wconf 80' lang='lat' dir='ltr'><strong>in</strong></span> <span class='ocrx_word' id='word_1_282' title='bbox 531 2330 653 2383; x_wconf 69' lang='lat' dir='ltr'><strong>nostris</strong></span> <span class='ocrx_word' id='word_1_283' title='bbox 679 2328 830 2379; x_wconf 69' lang='lat' dir='ltr'><strong>confiliis</strong></span> <span class='ocrx_word' id='word_1_284' title='bbox 857 2329 920 2382; x_wconf 63' lang='lat' dir='ltr'><strong>(ss,</strong></span> <span class='ocrx_word' id='word_1_285' title='bbox 939 2330 1046 2382; x_wconf 76' lang='lat' dir='ltr'><strong>perire</strong></span> <span class='ocrx_word' id='word_1_286' title='bbox 1067 2329 1260 2368; x_wconf 75' lang='lat' dir='ltr'><strong>meruimus.</strong></span> 
     </span>
    </p>
   </div>
   <div class='ocr_carea' id='block_1_3' title="bbox 302 2444 687 2490">
    <p class='ocr_par' dir='ltr' id='par_1_5' title="bbox 302 2444 687 2490">
     <span class='ocr_line' id='line_1_37' title="bbox 302 2444 687 2490; baseline -0.003 -12"><span class='ocrx_word' id='word_1_287' title='bbox 302 2447 326 2490; x_wconf 56' lang='grc' dir='ltr'><em>ᾗ</em></span> <span class='ocrx_word' id='word_1_288' title='bbox 350 2445 407 2479; x_wconf 89' lang='grc' dir='ltr'><strong>ΙΧ.</strong></span> <span class='ocrx_word' id='word_1_289' title='bbox 429 2445 517 2479; x_wconf 85' lang='lat' dir='ltr'><strong>Flor.</strong></span> <span class='ocrx_word' id='word_1_290' title='bbox 541 2444 687 2488; x_wconf 73' lang='lat' dir='ltr'><strong>Appiam</strong></span> 
     </span>
    </p>
   </div>
  </div>
 </body>
</html>
